Copyright (c) 2025 Carl Martin Ludvig Sinander.

This program is free software: you can redistribute it and/or modify
it under the terms of the GNU General Public License as published by
the Free Software Foundation, either version 3 of the License, or
(at your option) any later version.

This program is distributed in the hope that it will be useful,
but WITHOUT ANY WARRANTY; without even the implied warranty of
MERCHANTABILITY or FITNESS FOR A PARTICULAR PURPOSE. See the
GNU General Public License for more details.

You should have received a copy of the GNU General Public License
along with this program. If not, see <https://www.gnu.org/licenses/>.

-------------
abbreviations

journals
@string{ecta	= "Econometrica"									}
@string{aer 	= "American Economic Review"						}
@string{jpe		= "Journal of Political Economy"					}
@string{qje		= "Quarterly Journal of Economics"					}
@string{restud	= "Review of Economic Studies"						}
@string{ej		= "The Economic Journal"							}
@string{jeea	= "Journal of the European Economic Association"	}
@string{ier		= "International Economic Review"					}
@string{jel		= "Journal of Economic Literature"					}
@string{jep		= "Journal of Economic Perspectives"				}
@string{jet		= "Journal of Economic Theory"						}
@string{geb		= "Games and Economic Behavior"						}
@string{ijgt	= "International Journal of Game Theory"			}
@string{jme 	= "Journal of Mathematical Economics"				}
@string{jpub	= "Journal of Public Economics"						}
@string{jfe		= "Journal of Financial Economics"					}
@string{jf		= "Journal of Finance"								}
@string{te		= "Theoretical Economics"							}
@string{pnas	= "Proceedings of the National Academy of Sciences"	}
@string{aejm	= "American Economic Journal: Microeconomics"		}
@string{el		= "Economics Letters"								}
@string{rand	= "RAND Journal of Economics"						}
@string{mor		= "Mathematics of Operations Research"				}

publishers
@string{oup		= "Oxford University Press"			}
@string{pup		= "Princeton University Press"		}
@string{cup		= "Cambridge University Press"		}
@string{mit		= "MIT Press"						}
@string{hup		= "Harvard University Press"		}


----------------
published papers

@article{AbreuPearceStacchetti1986,
	author		= "Dilip Abreu and David Pearce and Ennio Stacchetti",
	year		= "1986",
	title		= "Optimal cartel equilibria with imperfect monitoring",
	journaltitle= jet,
	volume		= "39",
	number		= "1",
	pages		= "251--269",
	langid		= "american",
	doi			= "10.1016/0022-0531(86)90028-1",
}

@article{AbreuPearceStacchetti1990,
	author		= "Dilip Abreu and David Pearce and Ennio Stacchetti",
	year		= "1990",
	title		= "Toward a theory of discounted repeated games with imperfect monitoring",
	journaltitle= ecta,
	volume		= "58",
	number		= "5",
	pages		= "1041--1063",
	langid		= "american",
	doi			= "10.2307/2938299",
}

@article{AcharyaDemarzoKremer2011,
	author		= "Viral V. Acharya and Peter De{M}arzo and Ilan Kremer",
	year		= "2011",
	title		= "Endogenous information flows and the clustering of announcements",
	journaltitle= aer,
	volume		= "101",
	number		= "7",
	pages		= "2955--2979",
	langid		= "american",
	doi			= "10.1257/aer.101.7.2955",
}

@article{Adachi2000,
	author		= "Hiroyuki Adachi",
	year		= "2000",
	title		= "On a characterization of stable matchings",
	journaltitle= "Economics Letters",
	volume		= "68",
	number		= "1",
	pages		= "43--49",
	langid		= "american",
	doi			= "10.1016/S0165-1765(99)00241-4",
}

@article{AghionTirole1997,
	author		= "Philippe Aghion and Jean Tirole",
	year		= "1997",
	title		= "Formal and real authority in organizations",
	journaltitle= jpe,
	volume		= "105",
	number		= "1",
	pages		= "1--29",
	langid		= "american",
	doi			= "10.1086/262063",
}

@article{AlbanesiSleet2006,
	author		= "Stefania Albanesi and Christopher Sleet",
	year		= "2006",
	title		= "Dynamic optimal taxation with private information",
	journaltitle= restud,
	volume		= "73",
	number		= "1",
	pages		= "1--30",
	langid		= "american",
	doi			= "10.1111/j.1467-937X.2006.00367.x",
}

@article{AlonsoMatouschek2008,
	author		= "Ricardo Alonso and Niko Matouschek",
	year		= "2008",
	title		= "Optimal delegation",
	journaltitle= restud,
	volume		= "75",
	number		= "1",
	pages		= "259--293",
	langid		= "american",
	doi			= "10.1111/j.1467-937X.2007.00471.x",
}

@article{AmadorBagwell2013,
	author		= "Manuel Amador and Kyle Bagwell",
	year		= "2013",
	title		= "The theory of optimal delegation with an application to tariff caps",
	journaltitle= ecta,
	volume		= "81",
	number		= "4",
	pages		= "1541--1599",
	langid		= "american",
	doi			= "10.3982/ECTA9288",
}

@article{AmbrusEgorov2017,
	author		= "Attila Ambrus and Georgy Egorov",
	year		= "2017",
	title		= "Delegation and nonmonetary incentives",
	journaltitle= jet,
	volume		= "171",
	pages		= "101--135",
	langid		= "american",
	doi			= "10.1016/j.jet.2017.06.002",
}

@article{ArmstrongVickers2010,
	author		= "Mark Armstrong and John Vickers",
	year		= "2010",
	title		= "A model of delegated project choice",
	journaltitle= ecta,
	volume		= "78",
	number		= "1",
	pages		= "213--244",
	langid		= "american",
	doi			= "10.3982/ECTA7965",
}

@article{ArmstrongZhou2015,
	author		= "Mark Armstrong and Jidong Zhou",
	year		= "2015",
	title		= "Search deterrence",
	journaltitle= restud,
	volume		= "83",
	number		= "1",
	pages		= "26--57",
	langid		= "american",
	doi			= "10.1093/restud/rdv036",
}

@article{ArrowDebreu1954,
	author		= "Kenneth J. Arrow and Gérard Debreu",
	year		= "1954",
	title		= "Existence of an equilibrium for a competitive economy",
	journaltitle= ecta,
	volume		= "22",
	number		= "3",
	pages		= "265--290",
	langid		= "american",
	doi			= "10.2307/1907353",
}

@article{Athey2002,
	author		= "Susan Athey",
	year		= "2002",
	title		= "Monotone comparative statics under uncertainty",
	journaltitle= qje,
	volume		= "117",
	number		= "1",
	pages		= "187--223",
	langid		= "american",
	doi			= "10.1162/003355302753399481",
}

@article{AtheySegal2013,
	author		= "Susan Athey and Ilya Segal",
	year		= "2013",
	title		= "An efficient dynamic mechanism",
	journaltitle= ecta,
	volume		= "81",
	number		= "6",
	pages		= "2463--2485",
	langid		= "american",
	doi			= "10.3982/ECTA6995",
}

@article{AtkesonLucas1992,
	author		= "Andrew Atkeson and Lucas, Jr., Robert E.",
	year		= "1992",
	title		= "On efficient distribution with private information",
	journaltitle= restud,
	volume		= "59",
	number		= "3",
	pages		= "427--453",
	langid		= "american",
	doi			= "10.2307/2297858",
}

@article{AtkesonLucas1995,
	author		= "Andrew Atkeson and Lucas, Jr., Robert E.",
	year		= "1995",
	title		= "Efficiency and equality in a simple model of efficient unemployment insurance",
	journaltitle= jet,
	volume		= "66",
	number		= "1",
	pages		= "64--88",
	langid		= "american",
	doi			= "10.1006/jeth.1995.1032",
}

@article{AtkinEtal2017,
	author		= "David Atkin and Azam Chaudhry and Shamyla Chaudry and Amit K. Khandelwal and Eric Verhoogen",
	year		= "2017",
	title		= "Organizational barriers to technology adoption",
	subtitle	= "Evidence from soccer-ball producers in {P}akistan",
	journaltitle= qje,
	volume		= "132",
	number		= "3",
	pages		= "1101--1164",
	langid		= "american",
	doi			= "10.1093/qje/qjx010",
}

@article{AusubelDeneckere1989,
	author		= "Lawrence M. Ausubel and Raymond J. Deneckere",
	year		= "1989",
	title		= "Reputation in bargaining and durable goods monopoly",
	journaltitle= ecta,
	volume		= "57",
	number		= "3",
	pages		= "511--531",
	langid		= "american",
	doi			= "10.2307/1911050",
}

@article{BallKattwinkel2023comment,
	author		= "Ian Ball and Deniz Kattwinkel",
	year		= "2023",
	title		= "Corrigendum to ``{R}ole of linking mechanisms in multitask agency with hidden information'' [{J}. {E}con. {T}heory 145 (2010) 2241--2259]",
	journaltitle= jet,
	volume		= "210",
	langid		= "american",
	doi			= "10.1016/j.jet.2023.105666",
}

@article{BallJacksonKattwinkel2022,
	author		= "Ian Ball and Matt O. Jackson and Deniz Kattwinkel",
	year		= "2022",
	title		= "Comment on {J}ackson and {S}onnenschein (2007) ``{O}vercoming incentive constraints by linking decisions''",
	journaltitle= ecta,
	volume		= "90",
	number		= "4",
	pages		= "3--7",
	langid		= "american",
	doi			= "10.3982/ECTA20516",
}

@article{Banach1922,
	author		= "Stefan Banach",
	year		= "1922",
	title		= "Sur les opérations dans les ensembles abstraits et leur application aux équations intégrales",
	journaltitle= "Fundamenta Mathematicae",
	volume		= "3",
	number		= "1",
	pages		= "133--181",
	langid		= "american",
	doi			= "10.4064/fm-3-1-133-181",
}

@article{BaronBesanko1984,
	author		= "David P. Baron and David Besanko",
	year		= "1984",
	title		= "Regulation and information in a continuing relationship",
	journaltitle= "Information Economics and Policy",
	volume		= "1",
	number		= "3",
	pages		= "267--302",
	langid		= "american",
	doi			= "10.1016/0167-6245(84)90006-4",
}

@article{Battaglini2005,
	author		= "Marco Battaglini",
	year		= "2005",
	title		= "Long-term contracting with {M}arkovian consumers",
	journaltitle= aer,
	volume		= "95",
	number		= "3",
	pages		= "637--658",
	langid		= "american",
	doi			= "10.1257/0002828054201369",
}

@article{Battigalli1997,
	author		= "Pierpaolo Battigalli",
	year		= "1997",
	title		= "On rationalizability in extensive games",
	journaltitle= jet,
	volume		= "74",
	number		= "1",
	pages		= "40--61",
	langid		= "american",
	doi			= "10.1006/jeth.1996.2252",
}

@article{Battigalli2003,
	author		= "Pierpaolo Battigalli",
	year		= "2003",
	title		= "Rationalizability in infinite, dynamic games with incomplete information",
	journaltitle= "Research in Economics",
	volume		= "57",
	number		= "1",
	pages		= "1--38",
	langid		= "american",
	doi			= "10.1016/S1090-9443(02)00054-6",
}

@article{BattigalliSiniscalchi2003,
	author		= "Pierpaolo Battigalli and Marciano Siniscalchi",
	year		= "2003",
	title		= "Rationalization and incomplete information",
	journaltitle= "Advances in Theoretical Economics",
	volume		= "3",
	number		= "1",
	langid		= "american",
	doi			= "10.2202/1534-5963.1073",
}

@article{BenporathDekel1992,
	author		= "Elchanan Ben-Porath and Eddie Dekel",
	year		= "1992",
	title		= "Signaling future actions and the potential for sacrifice",
	journaltitle= jet,
	volume		= "57",
	number		= "1",
	pages		= "36--51",
	langid		= "american",
	doi			= "10.1016/S0022-0531(05)80039-0",
}

@article{BenporathDekelLipman2014,
	author		= "Elchanan Ben-Porath and Eddie Dekel and Barton L. Lipman",
	year		= "2014",
	title		= "Optimal allocation with costly verification",
	journaltitle= aer,
	volume		= "104",
	number		= "12",
	pages		= "3779--3813",
	langid		= "american",
	doi			= "10.1257/aer.104.12.3779",
}

@article{BenporathDekelLipman2018,
	author		= "Elchanan Ben-Porath and Eddie Dekel and Barton L. Lipman",
	year		= "2018",
	title		= "Disclosure and choice",
	journaltitle= restud,
	volume		= "85",
	number		= "3",
	pages		= "1471--1501",
	langid		= "american",
	doi			= "10.1093/restud/rdx064",
}

@article{BenporathDekelLipman2019,
	author		= "Elchanan Ben-Porath and Eddie Dekel and Barton L. Lipman",
	year		= "2019",
	title		= "Mechanisms with evidence",
	subtitle	= "Commitment and robustness",
	journaltitle= ecta,
	volume		= "87",
	number		= "2",
	pages		= "529--566",
	langid		= "american",
	doi			= "10.3982/ECTA14991",
}

@article{BenporathLipman2012,
	author		= "Elchanan Ben-Porath and Barton L. Lipman",
	year		= "2012",
	title		= "Implementation with partial provability",
	journaltitle= jet,
	volume		= "147",
	number		= "5",
	pages		= "1689--1724",
	langid		= "american",
	doi			= "10.1016/j.jet.2012.01.017",
}

@article{BergemannValimaki2010,
	author		= "Dirk Bergemann and Juuso Välimäki",
	year		= "2010",
	title		= "The dynamic pivot mechanism",
	journaltitle= ecta,
	volume		= "78",
	number		= "2",
	pages		= "771--789",
	langid		= "american",
	doi			= "10.3982/ECTA7260",
}

@article{BerkovitchIsrael2004,
	author		= "Elazar Berkovitch and Ronen Israel",
	year		= "2004",
	title		= "Why the {NPV} criterion does not maximize {NPV}",
	journaltitle= "Review of Financial Studies",
	volume		= "17",
	number		= "1",
	pages		= "239--255",
	langid		= "american",
	doi			= "10.1093/rfs/hhg023",
}

@article{Bernheim1984,
	author		= "B. Douglas Bernheim",
	year		= "1984",
	title		= "Rationalizable strategic behavior",
	journaltitle= ecta,
	volume		= "52",
	number		= "4",
	pages		= "1007--1028",
	langid		= "american",
	doi			= "10.2307/1911196",
}

@article{Bertrand1883,
	author		= "Joseph Louis François Bertrand",
	year		= "1883",
	title		= "Review of \emph{{T}héorie mathématique de la richesse sociale} by {L}éon {W}alras and \emph{{R}echerches sur les principes mathématiques de la théorie des richesses} by {A}ugustin {C}ournot",
	journaltitle= "Journal des Savants",
	volume		= "67",
	pages		= "499--508",
	langid		= "american",
}

@article{Besanko1985,
	author		= "David Besanko",
	year		= "1985",
	title		= "Multi-period contracts between principal and agent with adverse selection",
	journaltitle= el,
	volume		= "17",
	number		= "1--2",
	pages		= "33--37",
	langid		= "american",
	doi			= "10.1016/0165-1765(85)90122-3",
}

@article{BirdFrug2019,
	author		= "Daniel Bird and Alexander Frug",
	year		= "2019",
	title		= "Dynamic non-monetary incentives",
	journaltitle= aejm,
	volume		= "11",
	number		= "4",
	pages		= "111--150",
	langid		= "american",
	doi			= "10.1257/mic.20170025",
}

@article{Bellman1952,
	author		= "Richard Bellman",
	year		= "1952",
	title		= "On the theory of dynamic programming",
	journaltitle= pnas,
	volume		= "38",
	number		= "8",
	pages		= "716--719",
	langid		= "american",
	doi			= "10.1073/pnas.38.8.716",
}

@article{Bellman1954,
	author		= "Richard Bellman",
	year		= "1954",
	title		= "The theory of dynamic programming",
	journaltitle= "Bulletin of the American Mathematical Society",
	volume		= "60",
	number		= "6",
	pages		= "503--515",
	langid		= "american",
	doi			= "",
}

@article{Blackwell1962,
	author		= "David Blackwell",
	year		= "1962",
	title		= "Discrete dynamic programming",
	journaltitle= "Annals of Mathematical Statistics",
	volume		= "33",
	number		= "2",
	pages		= "719--726",
	langid		= "american",
	doi			= "10.1214/aoms/1177704593",
}

@article{Blackwell1965,
	author		= "David Blackwell",
	year		= "1965",
	title		= "Discounted dynamic programming",
	journaltitle= "Annals of Mathematics",
	volume		= "36",
	number		= "1",
	pages		= "226--235",
	langid		= "american",
	doi			= "10.1214/aoms/1177700285",
}

@article{BlochDuttaDziubinski2021,
	author		= "Francis Bloch and Bhaskar Dutta and Marcin Dziubi\'{n}ski",
	year		= "2023",
	title		= "Selecting a winner with external referees",
	journaltitle= jet,
	volume		= "211",
	langid		= "american",
	doi			= "10.1016/j.jet.2023.105687",
}

@article{Board2007,
	author		= "Simon Board",
	year		= "2007",
	title		= "Selling options",
	journaltitle= jet,
	volume		= "136",
	number		= "1",
	pages		= "324--340",
	langid		= "american",
	doi			= "10.1016/j.jet.2006.08.005",
}

@article{BoardSkrzypacz2016,
	author		= "Simon Board and Andrzej Skrzypacz",
	year		= "2016",
	title		= "Revenue management with forward-looking buyers",
	journaltitle= jpe,
	volume		= "124",
	number		= "4",
	pages		= "168--198",
	langid		= "american",
	doi			= "10.1086/686713",
}

@article{BogeEisele1979,
	author		= "W. Böge and T. Eisele",
	year		= "1979",
	title		= "On solutions of {B}ayesian games",
	journaltitle= ijgt,
	volume		= "8",
	number		= "4",
	pages		= "193--215",
	langid		= "american",
	doi			= "10.1007/BF01766706",
}

@article{Border1991,
	author		= "Kim C. Border",
	year		= "1991",
	title		= "Implementation of reduced form auctions",
	subtitle	= "A geometric approach",
	journaltitle= ecta,
	volume		= "59",
	number		= "4",
	pages		= "1175--1187",
	langid		= "american",
	doi			= "10.2307/2938181",
}

@article{Border2007,
	author		= "Kim C. Border",
	year		= "2007",
	title		= "Reduced form auctions revisited",
	journaltitle= "Economic Theory",
	volume		= "31",
	number		= "1",
	pages		= "167--181",
	langid		= "american",
	doi			= "10.1007/s00199-006-0080-z",
}

@article{Borel1921,
	author		= "Émile Borel",
	year		= "1921",
	title		= "La Théorie du jeu et les équations intégrales à noyau symétrique",
	journaltitle= "Comptes rendus hebdomadaires des séances de l'Académie des sciences",
	volume		= "173",
	pages		= "1304--1308",
	note		= "translated into English in \textcite{Borel1953}",
	langid		= "american",
}

@article{Borel1953,
	author		= "Émile Borel",
	year		= "1953",
	title		= "The theory of play and integral equations with skew symmetric kernels",
	journaltitle= ecta,
	volume		= "21",
	number		= "1",
	pages		= "97--100",
	langid		= "american",
	note		= "translation of \textcite{Borel1921}",
	doi			= "10.2307/1906946",
}

@article{BrandenburgerDekel1987,
	author		= "Adam Brandenburger and Eddie Dekel",
	year		= "1987",
	title		= "Rationalizability and correlated equilibria",
	journaltitle= ecta,
	volume		= "55",
	number		= "6",
	pages		= "1391--1402",
	langid		= "american",
	doi			= "10.2307/1913562",
}

@article{BrandenburgerDekel1993,
	author		= "Adam Brandenburger and Eddie Dekel",
	year		= "1993",
	title		= "Hierarchies of beliefs and common knowledge",
	journaltitle= jet,
	volume		= "59",
	number		= "1",
	pages		= "189--198",
	langid		= "american",
	doi			= "10.1006/jeth.1993.1012",
}

@article{Brouwer1912,
	author		= "Luitzen Egbertus Jan Brouwer",
	year		= "1912",
	title		= "Über {A}bbildung von {M}annigfaltigkeiten",
	journaltitle= "Mathematische Annalen",
	volume		= "71",
	number		= "1",
	pages		= "97-115",
	langid		= "american",
	doi			= "10.1007/BF01456812",
}

@article{BrzustowskiGeorgiadisharrisSzentes2023,
	author		= "Thomas Brzustowski and Alkis Georgiadis-Harris and Balázs Szentes",
	year		= "2023",
	title		= "Smart contracts and the {C}oase conjecture",
	journaltitle= aer,
	volume		= "113",
	number		= "5",
	pages		= "1334--59",
	langid		= "american",
	doi			= "10.1257/aer.20220357",
}

@article{BullWatson2004,
	author		= "Jesse Bull and Joel Watson",
	year		= "2004",
	title		= "Evidence disclosure and verifiability",
	journaltitle= jet,
	volume		= "118",
	number		= "1",
	pages		= "1--31",
	langid		= "american",
	doi			= "10.1016/j.jet.2003.12.002",
}

@article{BullWatson2007,
	author		= "Jesse Bull and Joel Watson",
	year		= "2007",
	title		= "Hard evidence and mechanism design",
	journaltitle= geb,
	volume		= "58",
	number		= "1",
	pages		= "75--93",
	langid		= "american",
	doi			= "10.1016/j.geb.2006.03.003",
}

@article{BulowGeanakoplosKlemperer1985,
	author		= "Jeremy Bulow and John D. Geanakoplos and Paul Klemperer",
	year		= "1985",
	title		= "Multimarket oligopoly",
	subtitle	= "Strategic substitutes and complements",
	journaltitle= jpe,
	volume		= "93",
	number		= "3",
	pages		= "488--511",
	langid		= "american",
	doi			= "10.1086/261312",
}

@article{BulowKlemperer1996,
	author		= "Jeremy Bulow and Paul Klemperer",
	year		= "1996",
	title		= "Auctions versus negotiations",
	journaltitle= aer,
	volume		= "86",
	number		= "1",
	pages		= "180--194",
	langid		= "american",
}

@article{CampbellEdererSpinnewijn2014,
	author		= "Arthur Campbell and Florian Ederer and Johannes Spinnewijn",
	year		= "2014",
	title		= "Delay and deadlines",
	subtitle	= "Freeriding and information revelation in partnerships",
	journaltitle= aejm,
	volume		= "6",
	number		= "2",
	pages		= "163--204",
	langid		= "american",
	doi			= "10.1257/mic.6.2.163",
}

@article{CantoniYangYuchtmanZhang2019,
	author		= "Davide Cantoni and David Y. Yang and Noam Yuchtman and Y. Jane Zhang",
	year		= "2019",
	title		= "Protests as strategic games",
	subtitle	= "Experimental evidence from {H}ong {K}ong's antiauthoritarian movement",
	journaltitle= qje,
	volume		= "134",
	number		= "2",
	pages		= "1021--1077",
	langid		= "american",
	doi			= "10.1093/qje/qjz002",
}

@article{CarbajalEly2013,
	author		= "Juan Carlos Carbajal and Jeffrey C. Ely",
	year		= "2013",
	title		= "Mechanism design without revenue equivalence",
	journaltitle= jet,
	volume		= "148",
	number		= "1",
	pages		= "104--133",
	langid		= "american",
	doi			= "10.1016/j.jet.2012.12.014",
}

@article{CheKimMierendorff2013,
	author		= "Yeon-Koo Che and Jinwoo Kim and Konrad Mierendorff",
	year		= "2013",
	title		= "Generalized reduced-form auctions",
	subtitle	= "A network-flow approach",
	journaltitle= ecta,
	volume		= "81",
	number		= "6",
	pages		= "2487--2520",
	langid		= "american",
	doi			= "10.3982/ECTA11405",
}

@article{Chetty2006,
	author		= "Raj Chetty",
	year		= "2006",
	title		= "A general formula for the optimal level of social insurance",
	journaltitle= "Journal of Public Economics",
	volume		= "90",
	number		= "10--11",
	pages		= "1879--1901",
	langid		= "american",
	doi			= "10.1016/j.jpubeco.2006.01.004",
}

@article{Coase1972,
	author		= "Ronald H. Coase",
	year		= "1972",
	title		= "Durability and monopoly",
	journaltitle= "Journal of Law and Economics",
	volume		= "15",
	number		= "1",
	pages		= "143--149",
	langid		= "american",
	doi			= "10.1086/466731",
}

@article{Condorelli2012,
	author		= "Daniele Condorelli",
	year		= "2012",
	title		= "What money can't buy",
	subtitle	= "Efficient mechanism design with costly signals",
	journaltitle= geb,
	volume		= "75",
	number		= "2",
	pages		= "613--624",
	langid		= "american",
	doi			= "10.1016/j.geb.2012.02.018",
}

@article{Condorelli2013,
	author		= "Daniele Condorelli",
	year		= "2013",
	title		= "Market and non-market mechanisms for the optimal allocation of scarce resources",
	journaltitle= geb,
	volume		= "82",
	pages		= "582--591",
	langid		= "american",
	doi			= "10.1016/j.geb.2013.08.008",
}

@article{CourtyLi2000,
	author		= "Pascal Courty and Hao Li",
	year		= "2000",
	title		= "Sequential screening",
	journaltitle= restud,
	volume		= "67",
	number		= "4",
	pages		= "697--717",
	langid		= "american",
	doi			= "10.1111/1467-937X.00150",
}

@article{CremerMclean1985,
	author		= "Jacques Crémer and Richard P. Mc{L}ean",
	year		= "1985",
	title		= "Optimal selling strategies under uncertainty for a discriminating monopolist when demands are interdependent",
	journaltitle= ecta,
	volume		= "53",
	number		= "2",
	pages		= "345--361",
	langid		= "american",
	doi			= "10.2307/1911240",
}

@article{CremerMclean1988,
	author		= "Jacques Crémer and Richard P. Mc{L}ean",
	year		= "1988",
	title		= "Full extraction of the surplus in {B}ayesian and dominant strategy auctions",
	journaltitle= ecta,
	volume		= "56",
	number		= "6",
	pages		= "1247--1257",
	langid		= "american",
	doi			= "10.2307/1913096",
}

@article{DaskalakisDeckelbaumTzamos2017,
	author		= "Constantinos Daskalakis and Alan Deckelbaum and Christos Tzamos",
	year		= "2017",
	title		= "Strong duality for a multiple-good monopolist",
	journaltitle= ecta,
	volume		= "85",
	number		= "3",
	pages		= "735--767",
	langid		= "american",
	doi			= "10.3982/ECTA12618",
}

@article{DeclippelEliazFershtmanRozen2021,
	author		= "Geoffroy de Clippel and Kfir Eliaz and Daniel Fershtman and Kareen Rozen",
	year		= "2021",
	title		= "On selecting the right agent",
	journaltitle= te,
	volume		= "16",
	number		= "2",
	pages		= "381--402",
	langid		= "american",
	doi			= "10.3982/TE4027",
}

@article{DekelFudenbergMorris2007,
	author		= "Eddie Dekel and Drew Fudenberg and Stephen Morris",
	year		= "2007",
	title		= "Interim correlated rationalizability",
	journaltitle= te,
	volume		= "2",
	number		= "1",
	pages		= "15--40",
	langid		= "american",
}

@article{DekelQuahSinander,
	author		= "Eddie Dekel and J.-H. Quah and Ludvig Sinander",
	year		= "2025",
	title		= "Comparative statics with adjustment costs and the {L}e {C}hatelier principle",
	journaltitle= ecta,
	volume		= "93",
	number		= "2",
	pages		= "661--694",
	langid		= "american",
	doi			= "10.3982/ECTA22841",
}

@unpublished{DekelQuahSinander,
	author		= "",
	year		= "2024",
	title		= "",
	note		= "working paper, 20 Oct 2024",
	langid		= "american",
	doi			= "10.48550/arXiv.2206.00347",
}

@article{DeneckereSeverinov2008,
	author		= "Raymond Deneckere and Sergei Severinov",
	year		= "2008",
	title		= "Mechanism design with partial state verifiability",
	journaltitle= geb,
	volume		= "64",
	number		= "2",
	pages		= "487--513",
	langid		= "american",
	doi			= "10.1016/j.geb.2007.12.006",
}

@article{Dessein2002,
	author		= "Wouter Dessein",
	year		= "2002",
	title		= "Authority and communication in organizations",
	journaltitle= restud,
	volume		= "69",
	number		= "4",
	pages		= "811--838",
	langid		= "american",
	doi			= "10.1111/1467-937X.00227",
}

@article{Diamond1982,
	author		= "Peter A. Diamond",
	year		= "1982",
	title		= "Aggregate demand management in search equilibrium",
	journaltitle= jpe,
	volume		= "90",
	number		= "5",
	pages		= "881--894",
	langid		= "american",
	doi			= "10.1086/261099",
}

@article{DilmeLi2019,
	author		= "Francesc Dilmé and Fei Li",
	year		= "2019",
	title		= "Revenue management without commitment",
	subtitle	= "Dynamic pricing and periodic flash sales",
	journaltitle= restud,
	volume		= "86",
	number		= "5",
	pages		= "1999--2034",
	langid		= "american",
	doi			= "10.1093/restud/rdy073",
}

@article{Dixit1980,
	author		= "Avinash Dixit",
	year		= "1980",
	title		= "The role of investment in entry-deterrence",
	journaltitle= ej,
	volume		= "90",
	number		= "357",
	pages		= "95--106",
	langid		= "american",
	doi			= "10.2307/2231658",
}

@article{DovalSkreta2021,
	author		= "Laura Doval and Vasiliki Skreta",
	year		= "2024",
	title		= "Optimal mechanism for the sale of a durable good",
	journaltitle= te,
	volume		= "19",
	number		= "2",
	pages		= "865--915",
	langid		= "american",
	doi			= "10.3982/TE4485",
}

@article{DworczakKominersAkbarpour2021,
	author		= "Piotr Dworczak and Scott Duke Kominers and Mohammad Akbarpour",
	year		= "2021",
	title		= "Redistribution through markets",
	journaltitle= ecta,
	volume		= "89",
	number		= "4",
	page		= "1665--1698",
	langid		= "american",
	doi			= "10.3982/ECTA16671",
}

@article{Dye1985,
	author		= "Ronald A. Dye",
	year		= "1985",
	title		= "Disclosure of nonproprietary information",
	journaltitle= "Journal of Accounting Research",
	volume		= "23",
	number		= "1",
	pages		= "123--145",
	langid		= "american",
	doi			= "10.2307/2490910",
}

@article{DyeSridhar1995,
	author		= "Ronald A. Dye and Sri S. Sridhar",
	year		= "1995",
	title		= "Industry-wide disclosure dynamics",
	journaltitle= "Journal of Accounting Research",
	volume		= "33",
	number		= "1",
	pages		= "157--174",
	langid		= "american",
	doi			= "10.2307/2491297",
}

@article{Echenique2002,
	author		= "Federico Echenique",
	year		= "2002",
	title		= "Comparative statics by adaptive dynamics and the correspondence principle",
	journaltitle= ecta,
	volume		= "70",
	number		= "2",
	pages		= "833--844",
	langid		= "american",
	doi			= "10.1111/1468-0262.00308",
}


@article{Edgeworth1897,
	author		= "Francis Ysidro Edgeworth",
	year		= "1897",
	title		= "La teoria pura del monopolio",
	journaltitle= "Giornale degli Economisti",
	volume		= "15",
	pages		= "13--31",
	langid		= "american",
	archivePrefix= "jstor",
	eprint       = "23219567",
}

@article{EdlinShannon1998,
	author		= "Aaron S. Edlin and Chris Shannon",
	year		= "1998",
	title		= "Strict monotonicity in comparative statics",
	journaltitle= jet,
	volume		= "81",
	number		= "1",
	pages		= "201--219",
	langid		= "american",
	doi			= "10.1006/jeth.1998.2405",
}

@article{Ely2017online,
	author		= "Jeffrey C. Ely",
	year		= "2017",
	title		= "The {M}arathon game",
	journaltitle= "Cheap Talk",
	langid		= "american",
	url			= "https://cheaptalk.org/2017/07/22/the-marathon-game",
}

@article{ErlansonKleiner2019,
	author		= "Albin Erlanson and Andreas Kleiner",
	year		= "2019",
	title		= "A note on optimal allocation with costly verification",
	journaltitle= jme,
	volume		= "84",
	pages		= "56--62",
	langid		= "american",
	doi			= "10.1016/j.jmateco.2019.06.002",
}

@article{ErlansonKleiner2020,
	author		= "Albin Erlanson and Andreas Kleiner",
	year		= "2020",
	title		= "Costly verification in collective decisions",
	journaltitle= te,
	volume		= "15",
	number		= "3",
	pages		= "923--954",
	langid		= "american",
	doi			= "10.3982/TE3101",
}

@article{Eso2005,
	author		= "Péter Es\H{o}",
	year		= "2005",
	title		= "An optimal auction with correlated values and risk aversion",
	journaltitle= jet,
	volume		= "125",
	number		= "1",
	pages		= "78--89",
	langid		= "american",
	doi			= "10.1016/j.jet.2004.06.005",
}

@article{EsoSzentes2007rand,
	author		= "Péter Es\H{o} and Balázs Szentes",
	year		= "2007",
	title		= "The price of advice",
	journaltitle= rand,
	volume		= "38",
	number		= "4",
	pages		= "863--880",
	langid		= "american",
	doi			= "10.1111/j.0741-6261.2007.00116.x",
}

@article{EsoSzentes2007restud,
	author		= "Péter Es\H{o} and Balázs Szentes",
	year		= "2007",
	title		= "Optimal information disclosure in auctions and the handicap auction",
	journaltitle= restud,
	volume		= "74",
	number		= "3",
	pages		= "705--731",
	langid		= "american",
	doi			= "10.1111/j.1467-937x.2007.00442.x",
}

@article{FarhiWerning2013,
	author		= "Emmanuel Farhi and Iván Werning",
	year		= "2013",
	title		= "Insurance and taxation over the life cycle",
	journaltitle= restud,
	volume		= "80",
	number		= "2",
	pages		= "596--635",
	langid		= "american",
	doi			= "10.1093/restud/rds048",
}

@article{FengEtal2021,
	author		= "Felix Zhiyu Feng and Curtis R. Taylor and Mark M. Westerfield and Feifan Zhang",
	year		= "2024",
	title		= "Setbacks, shutdowns, and overruns",
	journaltitle= ecta,
	volume		= "92",
	number		= "3",
	pages		= "815--847",
	langid		= "american",
	doi			= "10.3982/ECTA21548",
}

@article{FernandesPhelan2000,
	author		= "Ana Fernandes and Christopher Phelan",
	year		= "2000",
	title		= "A recursive formulation for repeated agency with history dependence",
	journaltitle= jet,
	volume		= "91",
	number		= "2",
	pages		= "223--247",
	langid		= "american",
	doi			= "10.1006/jeth.1999.2619",
}

@article{FishmanHagerty1990,
	author		= "Michael J. Fishman and Kathleen M. Hagerty",
	year		= "1990",
	title		= "The optimal amount of discretion to allow in disclosure",
	journaltitle= qje,
	volume		= "105",
	number		= "2",
	pages		= "427--444",
	langid		= "american",
	doi			= "10.2307/2937794",
}

@article{ForgesKoessler2005,
	author		= "Françoise Forges and Frédéric Koessler",
	year		= "2005",
	title		= "Communication equilibria with partially verifiable types",
	journaltitle= jme,
	volume		= "41",
	number		= "7",
	pages		= "793--811",
	langid		= "american",
	doi			= "10.1016/j.jmateco.2003.12.006",
}

@article{ForgesKoessler2008,
	author		= "Françoise Forges and Frédéric Koessler",
	year		= "2008",
	title		= "Long persuasion games",
	journaltitle= jet,
	volume		= "143",
	number		= "1",
	pages		= "1--35",
	langid		= "american",
	doi			= "10.1016/j.jet.2007.02.006",
}

@article{Frankel2014,
	author		= "Alexander Frankel",
	year		= "2014",
	title		= "Aligned delegation",
	journaltitle= aer,
	volume		= "104",
	number		= "1",
	pages		= "66--83",
	langid		= "american",
	doi			= "10.1257/aer.104.1.66",
}

@article{Frankel2016aej,
	author		= "Alexander Frankel",
	year		= "2016",
	title		= "Delegating multiple decisions",
	journaltitle= aejm,
	volume		= "8",
	number		= "4",
	pages		= "16--53",
	langid		= "american",
	doi			= "10.1257/mic.20130270",
}

@article{Frankel2016jet,
	author		= "Alexander Frankel",
	year		= "2016",
	title		= "Discounted quotas",
	journaltitle= jet,
	volume		= "166",
	pages		= "396--444",
	langid		= "american",
	doi			= "10.1016/j.jet.2016.08.001",
}

@article{FudenbergLevineMaskin1994,
	author		= "Drew Fudenberg and David K. Levine and Eric Maskin",
	year		= "1994",
	title		= "The folk theorem with imperfect public information",
	journaltitle= ecta,
	volume		= "62",
	number		= "5",
	pages		= "997--1039",
	langid		= "american",
	doi			= "10.2307/2951505",
}

@article{FudenbergTirole1991,
	author		= "Drew Fudenberg and Jean Tirole",
	year		= "1991",
	title		= "Perfect {B}ayesian equilibrium and sequential equilibrium",
	journaltitle= jet,
	volume		= "53",
	number		= "2",
	pages		= "236--260",
	langid		= "american",
	doi			= "10.1016/0022-0531(91)90155-W",
}

@article{GaleShapley1962,
	author		= "Douglas Gale and Lloyd S. Shapley",
	year		= "1962",
	title		= "College admissions and the stability of marriage",
	journaltitle= "American Mathematical Monthly",
	volume		= "69",
	number		= "1",
	pages		= "9--15",
	langid		= "american",
}

@article{GershkovMoldovanu2009,
	author		= "Alex Gershkov and Benny Moldovanu",
	year		= "2009",
	title		= "Dynamic revenue maximization with heterogeneous objects",
	subtitle	= "A mechanism design approach",
	journaltitle= aejm,
	volume		= "1",
	number		= "2",
	pages		= "168--198",
	langid		= "american",
	doi			= "10.1257/mic.1.2.168",
}

@article{GershkovMoldovanuStrack2018,
	author		= "Alex Gershkov and Benny Moldovanu and Philipp Strack",
	year		= "2018",
	title		= "Revenue-maximizing mechanisms with strategic customers and unknown, {M}arkovian demand",
	journaltitle= "Management Science",
	volume		= "64",
	number		= "5",
	pages		= "1975--2471",
	langid		= "american",
	doi			= "10.1287/mnsc.2017.2724",
}

@article{GershkovEtAl2013,
	author		= "Alex Gershkov and Jacob K. Goeree and Alexey Kushnir and Benny Moldovanu and Xianwen Shi",
	year		= "2013",
	title		= "On the equivalence of {B}ayesian and dominant strategy implementation",
	journaltitle= ecta,
	volume		= "81",
	number		= "1",
	pages		= "197--220",
	langid		= "american",
	doi			= "10.3982/ECTA10592",
}

@article{Glab2002,
	author		= "Szymon Głąb",
	year		= "2002",
	title		= "Local and global monotonicity",
	journaltitle= "Real Analysis Exchange",
	volume		= "27",
	number		= "2",
	pages		= "765--772",
	langid		= "american",
	doi			= "10.14321/realanalexch.27.2.0765",
}

@article{GlazerRubinstein2004,
	author		= "Jacob Glazer and Ariel Rubinstein",
	year		= "2004",
	title		= "On optimal rules of persuasion",
	journaltitle= ecta,
	volume		= "72",
	number		= "6",
	pages		= "1715--1736",
	langid		= "american",
	doi			= "10.1111/j.1468-0262.2004.00551.x",
}

@article{GlazerRubinstein2006,
	author		= "Jacob Glazer and Ariel Rubinstein",
	year		= "2006",
	title		= "A study in the pragmatics of persuasion",
	subtitle	= "A game theoretical approach",
	journaltitle= te,
	volume		= "1",
	number		= "4",
	pages		= "395--410",
	langid		= "american",
}

@article{GolosovTroshkinTsyvinski2016,
	author		= "Mikhail Golosov and Maxim Troshkin and Aleh Tsyvinski",
	year		= "2016",
	title		= "Redistribution and social insurance",
	journaltitle= aer,
	volume		= "106",
	number		= "2",
	pages		= "359--86",
	langid		= "american",
	doi			= "10.1257/aer.20111550",
}

@article{GreenPorter1984,
	author		= "Edward J. Green and Robert H. Porter",
	year		= "1984",
	title		= "Noncooperative collusion under imperfect price information",
	journaltitle= ecta,
	volume		= "52",
	number		= "1",
	pages		= "87--100",
	langid		= "american",
	doi			= "10.2307/1911462",
}

@article{Grossman1981,
	author		= "Sanford J. Grossman",
	year		= "1981",
	title		= "The informational role of warranties and private disclosure about product quality",
	journaltitle= "Journal of Law \& Economics",
	volume		= "24",
	number		= "3",
	pages		= "461--483",
	langid		= "american",
	doi			= "10.1086/466995",
}

@article{GrossmanHart1980,
	author		= "Sanford J. Grossman and Oliver D. Hart",
	year		= "1980",
	title		= "Disclosure laws and takeover bids",
	journaltitle= "Journal of Finance",
	volume		= "35",
	number		= "2",
	pages		= "323--334",
	langid		= "american",
	doi			= "10.2307/2327390",
}

@article{GulSonnenscheinWilson1986,
	author		= "Faruk Gül and Hugo Sonnenschein and Robert Wilson",
	year		= "1986",
	title		= "Foundations of dynamic monopoly and the {C}oase conjecture",
	journaltitle= jet,
	volume		= "39",
	number		= "1",
	pages		= "155--190",
	langid		= "american",
	doi			= "10.1016/0022-0531(86)90024-4",
}

@article{Guo2016,
	author		= "Yingni Guo",
	year		= "2016",
	title		= "Dynamic delegation of experimentation",
	journaltitle= aer,
	volume		= "106",
	number		= "8",
	pages		= "1969--2008",
	langid		= "american",
	doi			= "10.1257/aer.20141215",
}

@article{GuoShmaya2022,
	author		= "Yingni Guo and Eran Shmaya",
	year		= "2023",
	title		= "Regret-minimizing project choice",
	journaltitle= ecta,
	volume		= "91",
	number		= "5",
	pages		= "1567--1593",
	langid		= "american",
	doi			= "10.3982/ECTA20157",
}

@article{GuttmanKremerSkrzypacz,
	author		= "Ilan Guttman and Ilan Kremer and Andrzej Skrzypacz",
	year		= "2014",
	title		= "Not only what but also when",
	subtitle	= "A theory of dynamic voluntary disclosure",
	journaltitle= aer,
	volume		= "104",
	number		= "8",
	pages		= "2400--2420",
	langid		= "american",
	doi			= "10.1257/aer.104.8.2400",
}

@article{Garrett2016,
	author		= "Daniel F. Garrett",
	year		= "2016",
	title		= "Intertemporal price discrimination",
	subtitle	= "Dynamic arrivals and changing values",
	journaltitle= aer,
	volume		= "106",
	number		= "11",
	pages		= "3275--3299",
	langid		= "american",
	doi			= "10.1257/aer.20130564",
}

@article{Garrett2017,
	author		= "Daniel F. Garrett",
	year		= "2017",
	title		= "Dynamic mechanism design",
	subtitle	= "Dynamic arrivals and changing values",
	journaltitle= geb,
	volume		= "104",
	pages		= "595--612",
	langid		= "american",
	doi			= "10.1016/j.geb.2017.04.005",
}

@article{GreenLaffont1986,
	author		= "Jerry R. Green and Jean-Jacques Laffont",
	year		= "1986",
	title		= "Partially verifiable information and mechanism design",
	journaltitle= restud,
	volume		= "53",
	number		= "3",
	pages		= "447--456",
	langid		= "american",
	doi			= "10.2307/2297639",
}

@article{GreenTaylor2016,
	author		= "Brett Green and Curtis R. Taylor",
	year		= "2016",
	title		= "Breakthroughs, deadlines, and self-reported progress",
	subtitle	= "Contracting for multistage projects",
	journaltitle= aer,
	volume		= "106",
	number		= "12",
	pages		= "3660--3699",
	langid		= "american",
	doi			= "10.1257/aer.20151181",
}

@article{GrenadierMalenkoMalenko2016,
	author		= "Steven R. Grenadier and Andrey Malenko and Nadya Malenko",
	year		= "2016",
	title		= "Timing decisions in organizations",
	subtitle	= "Communication and authority in a dynamic environment",
	journaltitle= aer,
	volume		= "106",
	number		= "9",
	pages		= "2552--2581",
	langid		= "american",
	doi			= "10.1257/aer.20150416",
}

@article{HagenbachKoesslerPerezrichet2014,
	author		= "Jeanne Hagenbach and Frédéric Koessler and Eduardo Perez-Richet",
	year		= "2014",
	title		= "Certifiable pre-play communication",
	subtitle	= "Full disclosure",
	journaltitle= ecta,
	volume		= "82",
	number		= "3",
	pages		= "1093--1131",
	langid		= "american",
	doi			= "10.3982/ECTA11070",
}

@article{HaghpanahKuvalekarLipnowski2022,
	author		= "Nima Haghpanah and Aditya Kuvalekar and Elliot Lipnowski",
	year		= "2024",
	title		= "Buying from a group",
	journaltitle= aer,
	volume		= "114",
	number		= "8",
	pages		= "2596--2632",
	langid		= "american",
	doi			= "10.1257/aer.20230914",
}

@article{Hammond1979,
	author		= "Peter J. Hammond",
	year		= "1979",
	title		= "Straightforward individual incentive compatibility in large economies",
	journaltitle= restud,
	volume		= "46",
	number		= "2",
	pages		= "263--282",
	langid		= "american",
	doi			= "10.2307/2297050",
}

@article{HansenImrohoroglu1992,
	author		= "Gary D. Hansen and Ay\c{s}e \.{I}mrohoro\u{g}lu",
	year		= "1992",
	title		= "The role of unemployment insurance in an economy with liquidity constraints and moral hazard",
	journaltitle= jpe,
	volume		= "100",
	number		= "1",
	pages		= "118--142",
	langid		= "american",
	doi			= "10.1086/261809",
}

@article{Harsanyi1967,
	author		= "John C. Harsányi",
	year		= "1967",
	title		= "Games with incomplete information played by ``{B}ayesian'' players, {I}--{III}",
	subtitle	= "Part {I}. {T}he basic model",
	journaltitle= "Management Science",
	volume		= "14",
	number		= "3",
	pages		= "127--261",
	langid		= "american",
	doi			= "10.1287/mnsc.14.3.159",
}

@article{Harsanyi1968a,
	author		= "John C. Harsányi",
	year		= "1968",
	title		= "Games with incomplete information played by ``{B}ayesian'' players, {I}--{III}",
	subtitle	= "Part {II}. {B}ayesian equilibrium points",
	journaltitle= "Management Science",
	volume		= "14",
	number		= "5",
	pages		= "263--382",
	langid		= "american",
	doi			= "10.1287/mnsc.14.5.320",
}

@article{Harsanyi1968b,
	author		= "John C. Harsányi",
	year		= "1968",
	title		= "Games with incomplete information played by ``{B}ayesian'' players, {I}--{III}",
	subtitle	= "Part {III}. {T}he basic probability distribution of the game",
	journaltitle= "Management Science",
	volume		= "14",
	number		= "7",
	pages		= "383--511",
	langid		= "american",
	doi			= "10.1287/mnsc.14.7.486",
}

@article{HartKremerPerry2017,
	author		= "Sergiu Hart and Ilan Kremer and Motty Perry",
	year		= "2017",
	title		= "Evidence games",
	subtitle	= "Truth and commitment",
	journaltitle= aer,
	volume		= "107",
	number		= "3",
	pages		= "690--713",
	langid		= "american",
	doi			= "10.1257/aer.20150913",
}

@article{HartNisan2017,
	author		= "Sergiu Hart and Noam Nisan",
	year		= "2017",
	title		= "Approximate revenue maximization with multiple items",
	journaltitle= jet,
	volume		= "172",
	pages		= "313--347",
	langid		= "american",
	doi			= "10.1016/j.jet.2017.09.001",
}

@article{HartReny2015,
	author		= "Sergiu Hart and Philip J. Reny",
	year		= "2015",
	title		= "Maximal revenue with multiple goods",
	subtitle	= "Nonmonotonicity and other observations",
	journaltitle= te,
	volume		= "10",
	number		= "3",
	pages		= "893--922",
	langid		= "american",
	doi			= "10.3982/TE1517",
}

@article{HartReny2015border,
	author		= "Sergiu Hart and Philip J. Reny",
	year		= "2015",
	title		= "Implementation of reduced form mechanisms",
	subtitle	= "A simple approach and a new characterization",
	journaltitle= "Economic Theory Bulletin",
	volume		= "3",
	pages		= "1--8",
	langid		= "american",
	doi			= "10.1007/s40505-014-0055-3",
}

@article{HopenhaynNicolini1997,
	author		= "Hugo A. Hopenhayn and Juan Pablo Nicolini",
	year		= "1997",
	title		= "Optimal unemployment insurance",
	journaltitle= jpe,
	volume		= "105",
	number		= "2",
	pages		= "412--438",
	langid		= "american",
	doi			= "10.1086/262078",
}

@article{Hotelling1929,
	author		= "Harold Hotelling",
	year		= "1929",
	title		= "Stability in competition",
	journaltitle= ej,
	volume		= "39",
	number		= "153",
	pages		= "41--57",
	langid		= "american",
	doi			= "10.2307/2224214",
}

@article{Hotelling1932,
	author		= "Harold Hotelling",
	year		= "1932",
	title		= "Edgeworth's taxation paradox and the nature of demand and supply functions",
	journaltitle= jpe,
	volume		= "40",
	number		= "5",
	pages		= "577--616",
	langid		= "american",
	doi			= "10.1086/254387",
}

@article{JacksonSonnenschein2007,
	author		= "Matthew O. Jackson and Hugo F. Sonnenschein",
	year		= "2007",
	title		= "Overcoming incentive constraints by linking decisions",
	journaltitle= ecta,
	volume		= "75",
	number		= "1",
	pages		= "241--257",
	langid		= "american",
	doi			= "10.1111/j.1468-0262.2007.00737.x",
}

@article{JehielMoldovanuStacchetti1999,
	author		= "Philippe Jéhiel and Benny Moldovanu and Ennio Stacchetti",
	year		= "1999",
	title		= "Multidimensional mechanism design for auctions with externalities",
	journaltitle= jet,
	volume		= "85",
	number		= "2",
	pages		= "258--293",
	langid		= "american",
	doi			= "10.1006/jeth.1998.2501",
}

@article{Jovanovic1982,
	author		= "Boyan Jovanovic",
	year		= "1982",
	title		= "Truthful disclosure of information",
	journaltitle= "Bell Journal of Economics",
	volume		= "13",
	number		= "1",
	pages		= "36--44",
	langid		= "american",
	doi			= "10.2307/3003428",
}

@article{JungKwon1988,
	author		= "Woon-Oh Jung and Young K. Kwon",
	year		= "1988",
	title		= "Overcoming incentive constraints by linking decisions",
	journaltitle= "Journal of Accounting Research",
	volume		= "26",
	number		= "1",
	pages		= "146--153",
	langid		= "american",
	doi			= "10.2307/2491118",
}

@article{KaplanWettstein2000,
	author		= "Todd R. Kaplan and David Wettstein",
	year		= "2000",
	title		= "The possibility of mixed-strategy equilibria with constant-returns-to-scale technology under {B}ertrand competition",
	journaltitle= "Spanish Economic Review",
	volume		= "2",
	number		= "1",
	pages		= "65--71",
	langid		= "american",
	doi			= "10.1007/s101080050018",
}

@article{Karlin1955,
	author		= "Samuel Karlin",
	year		= "1955",
	title		= "The structure of dynamic programing models",
	journaltitle= "Naval Research Logistics Quarterly",
	volume		= "2",
	number		= "4",
	pages		= "285--294",
	langid		= "american",
	doi			= "10.1002/nav.3800020408",
}

@article{KarlinRubin1956,
	author		= "Samuel Karlin and Herman Rubin",
	year		= "1956",
	title		= "The theory of decision procedures for distributions with monotone likelihood ratio",
	journaltitle= "Annals of Mathematical Statistics",
	volume		= "27",
	number		= "2",
	pages		= "272--299",
	langid		= "american",
	doi			= "10.1214/aoms/1177728259",
}

@article{KartikTercieux2012,
	author		= "Navin Kartik and Olivier Tercieux",
	year		= "2012",
	title		= "Implementation with evidence",
	journaltitle= te,
	volume		= "7",
	number		= "2",
	pages		= "323--355",
	langid		= "american",
	doi			= "10.3982/TE723",
}

@article{KasherRubinstein1997,
	author		= "Asa Kasher and Ariel Rubinstein",
	year		= "1997",
	title		= "On the question of ``who is a {J}?''",
	subtitle    = "A social choice approach",
	journaltitle= "Logique et Analyse",
	volume		= "40",
	number		= "160",
	pages		= "385--395",
	langid		= "american",
}

@article{KattwinkelKnoepfle2022,
	author		= "Deniz Kattwinkel and Jan Knoepfle",
	year		= "2023",
	title		= "Costless information and costly verification",
	subtitle	= "A case for transparency",
	journaltitle= jpe,
	volume		= "131",
	number		= "2",
	pages		= "504--548",
	langid		= "american",
	doi			= "10.1086/721618",
}

@article{Kirkegaard2006,
	author		= "René Kirkegaard",
	year		= "2006",
	title		= "A short proof of the {B}ulow--{K}lemperer auctions vs. negotiations result
",
	journaltitle= "Economic Theory",
	volume		= "28",
	pages		= "449--452",
	langid		= "american",
	doi			= "10.1007/s00199-004-0593-2",
}

@article{KleinerManelli2019,
	author		= "Andreas Kleiner and Alejandro Manelli",
	year		= "2019",
	title		= "Strong duality in monopoly pricing",
	journaltitle= ecta,
	volume		= "87",
	number		= "4",
	pages		= "1391--1396",
	langid		= "american",
	doi			= "10.3982/ECTA15735",
}

@article{KleinerMoldovanuStrack2021,
	author		= "Andreas Kleiner and Benny Moldovanu and Philipp Strack",
	year		= "2021",
	title		= "Extreme points and majorization",
	subtitle	= "Economic applications",
	journaltitle= ecta,
	volume		= "89",
	number		= "4",
	pages		= "1557--1593",
	langid		= "american",
	doi			= "10.3982/ECTA18312",
}

@article{KnasterTarski1928,
	author		= "Bronisław Knaster and Alfred Tarski",
	year		= "1928",
	title		= "Un théorème sur les fonctions d'ensembles",
	journaltitle= "Annales de la {S}ociété {P}olonaise de {M}athématique",
	volume		= "6",
	pages		= "133--34",
	langid		= "american",
	doi			= "",
}

@article{KoesslerPerezrichet2019,
	author		= "Fréderic Koessler and Eduardo Perez-Richet",
	year		= "2019",
	title		= "Evidence reading mechanisms",
	journaltitle= "Social Choice and Welfare",
	volume		= "53",
	pages		= "375--397",
	langid		= "american",
	doi			= "10.1007/s00355-019-01187-5",
}

@article{Kocherlakota2005,
	author		= "Narayana R. Kocherlakota",
	year		= "2005",
	title		= "Zero expected wealth taxes",
	subtitle	= "A {M}irrlees approach to dynamic optimal taxation",
	journaltitle= ecta,
	volume		= "73",
	number		= "5",
	pages		= "1587--1621",
	langid		= "american",
	doi			= "10.1111/j.1468-0262.2005.00630.x",
}

@article{KrepsWilson1982,
	author		= "David M. Kreps and Robert Wilson",
	year		= "1982",
	title		= "Sequential equilibria",
	journaltitle= ecta,
	volume		= "50",
	number		= "4",
	pages		= "863--894",
	langid		= "american",
	doi			= "10.2307/1912767",
}

@article{Kuhn1950,
	author		= "Harold W. Kuhn",
	year		= "1950",
	title		= "Extensive games",
	journaltitle= pnas,
	volume		= "36",
	number		= "10",
	pages		= "570--576",
	langid		= "american",
	doi			= "10.1073/pnas.36.10.570",
}

@article{Kukushkin2013,
	author		= "Nikolai S. Kukushkin",
	year		= "2013",
	title		= "Increasing selections from increasing multifunctions",
	journaltitle= "Order",
	volume		= "30",
	number		= "2",
	pages		= "541--555",
	langid		= "american",
	doi			= "10.1007/s11083-012-9260-6",
}

@article{LaffontMartimort2000,
	author		= "Jean-Jacques Laffont and David Martimort",
	year		= "2000",
	title		= "Mechanism design with collusion and correlation",
	journaltitle= ecta,
	volume		= "68",
	number		= "2",
	pages		= "309--342",
	langid		= "american",
	doi			= "10.1111/1468-0262.00111",
}

@article{Lai1974,
	author		= "Tze Leung Lai",
	year		= "1974",
	title		= "Summability methods for independent identically distributed random variables",
	journaltitle= "Proceedings of the American Mathematical Society",
	volume		= "45",
	number		= "2",
	pages		= "253--261",
	langid		= "american",
	doi			= "10.1090/S0002-9939-1974-0356194-4",
}

@article{LewisSappington2000,
	author		= "Tracy R. Lewis and David E. M. Sappington",
	year		= "2000",
	title		= "Contracting with wealth-constrained agents",
	journaltitle= ier,
	volume		= "41",
	number		= "3",
	pages		= "743--767",
	langid		= "american",
	doi			= "10.1111/1468-2354.00082",
}

@article{LiMatouschekPowell2017,
	author		= "Jin Li and Niko Matouschek and Michael Powell",
	year		= "2017",
	title		= "Power dynamics in organizations",
	journaltitle= aejm,
	volume		= "9",
	number		= "1",
	pages		= "217--241",
	langid		= "american",
	doi			= "10.1257/mic.20150138",
}

@article{LipmanSeppi1995,
	author		= "Barton L. Lipman and Duane J. Seppi",
	year		= "1995",
	title		= "Robust inference in communication games with partial provability",
	journaltitle= jet,
	volume		= "66",
	number		= "2",
	pages		= "370--405",
	langid		= "american",
	doi			= "10.1006/jeth.1995.1046",
}

@article{LipnowskiRamos2020,
	author		= "Elliot Lipnowski and João Ramos",
	year		= "2020",
	title		= "Repeated delegation",
	journaltitle= jet,
	volume		= "188",
	langid		= "american",
	doi			= "10.1016/j.jet.2020.105040",
}

@article{LoertscherMuir2022,
	author		= "Simon Loertscher and Ellen V. Muir",
	year		= "2022",
	title		= "Monopoly pricing, optimal randomization, and resale",
	journaltitle= jpe,
	volume		= "130",
	number		= "3",
	page		= "566--635",
	langid		= "american",
	doi			= "10.1086/717894",
}

@article{LopomoRigottiShannon2022,
	author		= "Giuseppe Lopomo and Luca Rigotti and Chris Shannon",
	year		= "2022",
	title		= "Detectability, duality, and surplus extraction",
	journaltitle= jet,
	volume		= "204",
	langid		= "american",
	doi			= "10.1016/j.jet.2022.105465",
}

@article{ManelliVincent2010,
	author		= "Alejandro M. Manelli and Daniel R. Vincent",
	year		= "2010",
	title		= "{B}ayesian and dominant-strategy implementation in the independent private-values model",
	journaltitle= ecta,
	volume		= "78",
	number		= "6",
	pages		= "1905--1938",
	langid		= "american",
	doi			= "10.3982/ECTA8025",
}

@article{MarinacciMontruccio2019,
	author		= "Massimo Marinacci and Luigi Montrucchio",
	year		= "2019",
	title		= "Unique {T}arski fixed points",
	journaltitle= mor,
	volume		= "44",
	number		= "4",
	pages		= "1145--1509",
	langid		= "american",
	doi			= "10.1287/moor.2018.0959",
}

@article{MartimortSemenov2006,
	author		= "David Martimort and Aggey Semenov",
	year		= "2006",
	title		= "Continuity in mechanism design without transfers",
	journaltitle= el,
	volume		= "93",
	number		= "2",
	pages		= "175--208",
	langid		= "american",
	doi			= "10.1016/j.econlet.2006.04.011",
}

@article{MaskinRiley1984,
	author		= "Eric Maskin and John Riley",
	year		= "1984",
	title		= "Optimal auctions with risk averse buyers",
	journaltitle= ecta,
	volume		= "52",
	number		= "6",
	pages		= "1473--1518",
	langid		= "american",
	doi			= "10.2307/1913516",
}

@article{MatsushimaMiyazakiYagi2010,
	author		= "Hitoshi Matsushima and Koichi Miyazaki and Nobuyuki Yagi",
	year		= "2010",
	title		= "Role of linking mechanisms in multitask agency with hidden information",
	journaltitle= jet,
	volume		= "145",
	number		= "6",
	pages		= "2241--2259",
	langid		= "american",
	doi			= "10.1016/j.jet.2010.03.014",
}

@article{Matthews1984,
	author		= "Steven A. Matthews",
	year		= "1984",
	title		= "On the implementability of reduced form auctions",
	journaltitle= ecta,
	volume		= "52",
	number		= "6",
	pages		= "1519--1522",
	langid		= "american",
	doi			= "10.2307/1913517",
}

@article{McafeeReny1992,
	author		= "R. Preston Mc{A}fee and Philip J. Reny",
	year		= "1992",
	title		= "Correlated information and mechanism design",
	journaltitle= ecta,
	volume		= "60",
	number		= "2",
	pages		= "395--421",
	langid		= "american",
	doi			= "10.2307/2951601",
}

@article{Mckenzie1954,
	author		= "Lionel McKenzie",
	year		= "1954",
	title		= "On equilibrium in {G}raham's model of world trade and other competitive systems",
	journaltitle= ecta,
	volume		= "22",
	number		= "2",
	pages		= "147--161",
	langid		= "american",
	doi			= "10.2307/1907539",
}

@article{Mckenzie1959,
	author		= "Lionel McKenzie",
	year		= "1959",
	title		= "On the existence of general equilibrium for a competitive market",
	journaltitle= ecta,
	volume		= "27",
	number		= "1",
	pages		= "54--71",
	langid		= "american",
	doi			= "10.2307/1907777",
}

@article{MelumadShibano1991,
	author		= "Nahum D. Melumad and Toshiyuki Shibano",
	year		= "1991",
	title		= "Communication in settings with no transfers",
	journaltitle= rand,
	volume		= "22",
	number		= "2",
	pages		= "173--198",
	langid		= "american",
	doi			= "10.2307/2601016",
}

@article{MertensZamir1985,
	author		= "Jean-François Mertens and Shmuel Zamir",
	year		= "1985",
	title		= "Formulation of {B}ayesian analysis for games with incomplete information",
	journaltitle= ijgt,
	volume		= "14",
	number		= "1",
	pages		= "1--29",
	langid		= "american",
	doi			= "10.1007/BF01770224",
}

@article{Mierendorff2011,
	author		= "Konrad Mierendorff",
	year		= "2011",
	title		= "Asymmetric reduced form auctions",
	journaltitle= el,
	volume		= "110",
	number		= "1",
	pages		= "41--44",
	langid		= "american",
	doi			= "10.1016/j.econlet.2010.09.019",
}

@article{Mierendorff2016,
	author		= "Konrad Mierendorff",
	year		= "2016",
	title		= "Optimal dynamic mechanism design with deadlines",
	journaltitle= jet,
	volume		= "161",
	pages		= "190--222",
	langid		= "american",
	doi			= "10.1016/j.jet.2015.10.007",
}

@article{Milgrom1981,
	author		= "Paul Milgrom",
	year		= "1981",
	title		= "Good news and bad news",
	subtitle	= "Representation theorems and applications",
	journaltitle= "Bell Journal of Economics",
	volume		= "12",
	number		= "2",
	pages		= "380--391",
	langid		= "american",
	doi			= "10.2307/3003562",
}

@article{MilgromRoberts1990,
	author		= "Paul Milgrom and John Roberts",
	year		= "1990",
	title		= "Rationalizability, learning, and equilibrium in games with strategic complements",
	journaltitle= ecta,
	volume		= "58",
	number		= "6",
	pages		= "1255--1277",
	langid		= "american",
	doi			= "10.2307/2938316",
}

@article{MilgromShannon1994,
	author		= "Paul Milgrom and Chris Shannon",
	year		= "1994",
	title		= "Monotone comparative statics",
	journaltitle= ecta,
	volume		= "62",
	number		= "1",
	pages		= "157--180",
	doi			= "10.2307/2951479",
	langid		= "american",
	doi			= "10.2307/2951479",
}

@article{MilgromSegal2002,
	author		= "Paul Milgrom and Ilya Segal",
	year		= "2002",
	title		= "Envelope theorems for arbitrary choice sets",
	journaltitle= ecta,
	volume		= "70",
	number		= "2",
	pages		= "583--601",
	langid		= "american",
	doi			= "10.1111/1468-0262.00296",
}

@article{Mirrlees1971,
	author		= "James A. Mirrlees",
	year		= "1971",
	title		= "An exploration in the theory of optimum income taxation",
	journaltitle= restud,
	volume		= "38",
	number		= "2",
	pages		= "182--189",
	langid		= "american",
	doi			= "10.2307/2296779",
}

@article{MorrisShin1998,
	author		= "Stephen Morris and Hyun Song Shin",
	year		= "1998",
	title		= "Unique equilibrium in a model of self-fulfilling currency attacks",
	journaltitle= aer,
	volume		= "88",
	number		= "3",
	pages		= "587--597",
	langid		= "american",
	doi			= "",
}

@article{Myerson1981,
	author		= "Roger B. Myerson",
	year		= "1981",
	title		= "Optimal auction design",
	journaltitle= "Mathematics of Operations Research",
	volume		= "6",
	number		= "1",
	pages		= "58--73",
	langid		= "american",
	doi			= "10.1287/moor.6.1.58",
}

@article{Myerson1982,
	author		= "Roger B. Myerson",
	year		= "1982",
	title		= "Optimal coordination mechanisms in generalized principal--agent problems",
	journaltitle= jme,
	volume		= "10",
	number		= "1",
	pages		= "67--81",
	langid		= "american",
	doi			= "10.1016/0304-4068(82)90006-4",
}

@article{MylovanovZapechelnyuk2017,
	author		= "Tymofiy Mylovanov and Andriy Zapechelnyuk",
	year		= "2017",
	title		= "Optimal allocation with ex post verification and limited penalties",
	journaltitle= aer,
	volume		= "107",
	number		= "9",
	pages		= "2666--2694",
	langid		= "american",
	doi			= "10.1257/aer.20140494",
}

@article{Nagel1995,
	author		= "Rosemarie Nagel",
	year		= "1995",
	title		= "Unraveling in guessing games",
	subtitle	= "An experimental study",
	journaltitle= aer,
	volume		= "85",
	number		= "5",
	pages		= "1313--1326",
	langid		= "american",
	doi			= "",
}

@article{Nash1950,
	author		= "John F. Nash",
	year		= "1950",
	title		= "Equilibrium points in $n$-person games",
	journaltitle= pnas,
	volume		= "36",
	number		= "1",
	pages		= "48--49",
	langid		= "american",
	doi			= "10.1073/pnas.36.1.48",
}

@article{Nash1951,
	author		= "John F. Nash",
	year		= "1951",
	title		= "Non-cooperative games",
	journaltitle= "Annals of Mathematics",
	volume		= "54",
	number		= "2",
	pages		= "286--295",
	langid		= "american",
	doi			= "10.2307/1969529",
}

@article{Nash1953,
	author		= "John F. Nash",
	year		= "1953",
	title		= "Two-person cooperative games",
	journaltitle= ecta,
	volume		= "21",
	number		= "1",
	pages		= "128--140",
	langid		= "american",
	doi			= "10.2307/1906951",
}

@article{NavaSchiraldi2019,
	author		= "Francesco Nava and Pasquale Schiraldi",
	year		= "2019",
	title		= "Differentiated durable goods monopoly",
	subtitle	= "A robust {C}oase conjecture",
	journaltitle= aer,
	volume		= "109",
	number		= "5",
	pages		= "1930--68",
	langid		= "american",
	doi			= "10.1257/aer.20160404",
}

@article{Neeman2004,
	author		= "Zvika Neeman",
	year		= "2004",
	title		= "The relevance of private information in mechanism design",
	journaltitle= jet,
	volume		= "117",
	number		= "1",
	pages		= "55--77",
	langid		= "american",
	doi			= "10.1016/j.jet.2003.09.001",
}

@article{NockeWhinston2010,
	author		= "Volker Nocke and Michael D. Whinston",
	year		= "2010",
	title		= "Dynamic merger review",
	journaltitle= jpe,
	volume		= "118",
	number		= "6",
	pages		= "1201--1251",
	langid		= "american",
	doi			= "10.1086/658161",
}

@article{NockeWhinston2013,
	author		= "Volker Nocke and Michael D. Whinston",
	year		= "2013",
	title		= "Merger policy with merger choice",
	journaltitle= aer,
	volume		= "103",
	number		= "2",
	pages		= "1006--1033",
	langid		= "american",
	doi			= "10.1257/aer.103.2.1006",
}

@article{OkunofujiwaraPostlewaiteSuzumura1990,
	author		= "Masahiro Okuno-Fujiwara and Andrew Postlewaite and Kotaro Suzumura",
	year		= "1990",
	title		= "Strategic information revelation",
	journaltitle= restud,
	volume		= "57",
	number		= "1",
	pages		= "25--47",
	langid		= "american",
	doi			= "10.2307/2297541",
}

@article{OlszewskiSafronov2018a,
	author		= "Wojciech Olszewski and Mikhail Safronov",
	year		= "2018",
	title		= "Efficient chip strategies in repeated games",
	journaltitle= te,
	volume		= "13",
	number		= "3",
	pages		= "951--977",
	langid		= "american",
	doi			= "10.3982/TE2434",
}

@article{OlszewskiSafronov2018b,
	author		= "Wojciech Olszewski and Mikhail Safronov",
	year		= "2018",
	title		= "Efficient cooperation by exchanging favors",
	journaltitle= te,
	volume		= "13",
	number		= "3",
	pages		= "1191--1231",
	langid		= "american",
	doi			= "10.3982/TE2771",
}

@article{OnuchicRay2022iron,
	author		= "Paula Onuchic and Debraj Ray",
	year		= "2023",
	title		= "Conveying value via categories",
	journaltitle= te,
	volume		= "18",
	number		= "4",
	pages		= "1407--1439",
	langid		= "american",
	doi			= "10.3982/TE5026",
}

@article{PaiVohra2013,
	author		= "Mallesh M. Pai and Rakesh Vohra",
	year		= "2013",
	title		= "Optimal dynamic auctions and simple index rules",
	journaltitle= mor,
	volume		= "38",
	number		= "4",
	pages		= "682--697",
	langid		= "american",
	doi			= "10.1287/moor.2013.0595",
}

@article{PavanSegalToikka2014,
	author		= "Alessandro Pavan and Ilya Segal and Juuso Toikka",
	year		= "2014",
	title		= "Dynamic mechanism design",
	subtitle	= "A {M}yersonian approach",
	journaltitle= ecta,
	volume		= "82",
	number		= "2",
	pages		= "601--653",
	langid		= "american",
	doi			= "10.3982/ECTA10269",
}

@article{PavoniViolante2007,
	author		= "Nicola Pavoni and Gianluca L. Violante",
	year		= "2007",
	title		= "Optimal welfare-to-work programs",
	journaltitle= ecta,
	volume		= "74",
	number		= "1",
	pages		= "283--318",
	langid		= "american",
	doi			= "10.1111/j.1467-937X.2007.00422.x",
}

@article{Pearce1984,
	author		= "David G. Pearce",
	year		= "1984",
	title		= "Rationalizable strategic behavior and the problem of perfection",
	journaltitle= ecta,
	volume		= "52",
	number		= "4",
	pages		= "1029--1050",
	langid		= "american",
	doi			= "10.2307/1911197",
}

@article{Pratt1964,
	author		= "John W. Pratt",
	year		= "1964",
	title		= "Risk aversion in the small and in the large",
	journaltitle= ecta,
	volume		= "32",
	number		= "1--2",
	pages		= "122--136",
	langid		= "american",
	doi			= "10.2307/1913738",
}

@article{QuahStrulovici2009,
	author		= "John K.-H. Quah and Bruno Strulovici",
	year		= "2009",
	title		= "Comparative statics, informativeness, and the interval dominance order",
	journaltitle= ecta,
	volume		= "77",
	number		= "6",
	pages		= "1949--1992",
	langid		= "american",
	doi			= "10.3982/ECTA7583",
}

@article{QuahStrulovici2012,
	author		= "John K.-H. Quah and Bruno Strulovici",
	year		= "2012",
	title		= "Aggregating the single crossing property",
	journaltitle= ecta,
	volume		= "80",
	number		= "5",
	pages		= "2333--2348",
	langid		= "american",
	doi			= "10.3982/ECTA9869",
}

@article{QuahStrulovici2013,
	author		= "John K.-H. Quah and Bruno Strulovici",
	year		= "2013",
	title		= "Discounting, values, and decisions",
	journaltitle= jpe,
	volume		= "121",
	number		= "5",
	pages		= "803--1005",
	langid		= "american",
	doi			= "10.1086/673867",
}

@article{Robert1991,
	author		= "Jacques Robert",
	year		= "1991",
	title		= "Continuity in auction design",
	journaltitle= jet,
	volume		= "55",
	number		= "1",
	pages		= "169--179",
	langid		= "american",
	doi			= "10.1016/0022-0531(91)90064-B",
}

@article{RobertsSonnenschein1976,
	author		= "John Roberts and Hugo Sonnenschein",
	year		= "1976",
	title		= "On the existence of {C}ournot equilibrium without concave profit functions",
	journaltitle= jet,
	volume		= "13",
	number		= "1",
	pages		= "112--117",
	langid		= "american",
	doi			= "10.1016/0022-0531(76)90069-7",
}

@article{Rochet1985,
	author		= "Jean-Charles Rochet",
	year		= "1985",
	title		= "The taxation principle and multi-time Hamilton--Jacobi equations",
	journaltitle= jme,
	volume		= "14",
	number		= "2",
	pages		= "113--128",
	langid		= "american",
	doi			= "10.1016/0304-4068(85)90015-1",
}

@article{Rochet1987,
	author		= "Jean-Charles Rochet",
	year		= "1987",
	title		= "A necessary and sufficient condition for rationalizability in the quasilinear context",
	journaltitle= "Journal of Mathematical Economics",
	volume		= "16",
	number		= "2",
	pages		= "191--200",
	langid		= "american",
	doi			= "10.1016/0304-4068(87)90007-3",
}

@article{Rosenthal1981,
	author		= "Robert W. Rosenthal",
	year		= "1981",
	title		= "Games of perfect information, predatory pricing and the chain-store paradox",
	journaltitle= jet,
	volume		= "25",
	number		= "1",
	pages		= "92--100",
	langid		= "american",
	doi			= "10.1016/0022-0531(81)90018-1",
}

@article{Roy1947,
	author		= "René Roy",
	year		= "1947",
	title		= "La distribution du revenu entre les divers biens",
	journaltitle= ecta,
	volume		= "15",
	number		= "3",
	pages		= "205--225",
	langid		= "american",
	doi			= "10.2307/1905479",
}

@article{Rubinstein1982,
	author		= "Ariel Rubinstein",
	year		= "1982",
	title		= "Perfect equilibrium in a bargaining model",
	journaltitle= ecta,
	volume		= "50",
	number		= "1",
	pages		= "97--109",
	langid		= "american",
	doi			= "10.2307/1912531",
}

@article{Ryff1967,
	author		= "John V. Ryff",
	year		= "1967",
	title		= "Extreme points of some convex subsets of $L^1(0,1)$",
	journaltitle= "Proceedings of the American Mathematical Society",
	volume		= "18",
	number		= "6",
	pages		= "1026--1034",
	langid		= "american",
	doi			= "10.1090/S0002-9939-1967-0217586-3",
}

@article{Sappington1983,
	author		= "David E. M. Sappington",
	year		= "1983",
	title		= "Limited liability contracts between principal and agent",
	journaltitle= jet,
	volume		= "29",
	number		= "1",
	pages		= "1--21",
	langid		= "american",
	doi			= "10.1016/0022-0531(83)90120-5",
}

@article{Selten1965,
	author		= "Reinhard Selten",
	year		= "1965",
	title		= "Spieltheoretische {B}ehandlung eines {O}ligopolmodells mit {N}achfrageträgheit",
	subtitle	= "Teil {I}: {B}estimmung des dynamischen {P}reisgleichgewichts",
	journaltitle= "Zeitschrift für die gesamte {S}taatswissenschaft",
	volume		= "121",
	number		= "2",
	pages		= "301--324",
	langid		= "american",
	doi			= "",
}

@article{Shapley1953,
	author		= "Lloyd S. Shapley",
	year		= "1953",
	title		= "Stochastic games",
	journaltitle= pnas,
	volume		= "39",
	number		= "10",
	pages		= "1095--1100",
	langid		= "american",
	doi			= "10.1073/pnas.39.10.1095",
}

@article{ShavellWeiss1979,
	author		= "Steven Shavell and Laurence Weiss",
	year		= "1979",
	title		= "The optimal payment of unemployment insurance benefits over time",
	journaltitle= jpe,
	volume		= "87",
	number		= "6",
	pages		= "1347--1362",
	langid		= "american",
	archivePrefix= "jstor",
	eprint		= "1833336",
}

@article{Sher2011,
	author		= "Itai Sher",
	year		= "2011",
	title		= "Credibility and determinism in a game of persuasion",
	journaltitle= geb,
	volume		= "71",
	number		= "2",
	pages		= "409--419",
	langid		= "american",
	doi			= "10.1016/j.geb.2010.05.008",
}

@article{ShimerWerning2008,
	author		= "Robert Shimer and Iván Werning",
	year		= "2008",
	title		= "Liquidity and insurance for the unemployed",
	journaltitle= aer,
	volume		= "98",
	number		= "5",
	pages		= "1922--1942",
	langid		= "american",
	doi			= "10.1257/aer.98.5.1922",
}

@article{Shin1994,
	author		= "Hyun Song Shin",
	year		= "1994",
	title		= "The burden of proof in a game of persuasion",
	journaltitle= jet,
	volume		= "64",
	number		= "1",
	pages		= "253--264",
	langid		= "american",
	doi			= "10.1006/jeth.1994.1066",
}

@article{Shin2003,
	author		= "Hyun Song Shin",
	year		= "2003",
	title		= "Disclosures and asset returns",
	journaltitle= ecta,
	volume		= "71",
	number		= "1",
	pages		= "105--133",
	langid		= "american",
	doi			= "10.1006/jeth.1994.1066",
}

@article{Sinander2022,
	author		= "Ludvig Sinander",
	year		= "2022",
	title		= "The converse envelope theorem",
	journaltitle= ecta,
	volume		= "90",
	number		= "6",
	pages		= "2795--2819",
	langid		= "american",
	doi			= "10.3982/ECTA18119",
}

@article{SmithSorensenTian2021,
	author		= "Lones Smith and Peter Norman Sørensen and Jianrong Tian",
	year		= "2021",
	title		= "Informational herding, optimal experimentation, and contrarianism",
	journaltitle= restud,
	volume		= "88",
	number		= "5",
	pages		= "2527--2554",
	langid		= "american",
	doi			= "10.1093/restud/rdab001",
}

@article{SpearSrivastava1987,
	author		= "Stephen E. Spear and Sanjay Srivastava",
	year		= "1987",
	title		= "On repeated moral hazard with discounting",
	journaltitle= restud,
	volume		= "54",
	number		= "4",
	pages		= "599--617",
	langid		= "american",
	doi			= "10.2307/2297484",
}

@article{Stein1955,
	author		= "Charles Stein",
	year		= "1955",
	title		= "A necessary and sufficient condition for admissibility",
	journaltitle= "Annals of Mathematical Statistics",
	volume		= "26",
	number		= "3",
	pages		= "518--522",
	langid		= "american",
	doi			= "10.1214/aoms/1177728497",
}

@article{SungDimitrov2005,
	author		= "Shao Chin Sung and Dinko Dimitrov",
	year		= "1997",
	title		= "On the axiomatic characterization of ``who is a {J}?''",
	journaltitle= "Logique et Analyse",
	volume		= "48",
	number		= "189--192",
	pages		= "101--112",
	langid		= "american",
}

@article{Tarski1955,
	author		= "Alfred Tarski",
	year		= "1955",
	title		= "A lattice-theoretical fixpoint theorem and its applications",
	journaltitle= "Pacific Journal of Mathematics",
	volume		= "5",
	number		= "2",
	pages		= "285--309",
	langid		= "american",
	doi			= "10.2140/pjm.1955.5.285",
}

@article{ThomasWorrall1990,
	author		= "Jonathan Thomas and Tim Worrall",
	year		= "1990",
	title		= "Income fluctuation and asymmetric information",
	subtitle	= "An example of a repeated principal--agent problem",
	journaltitle= jet,
	volume		= "51",
	number		= "2",
	pages		= "367--390",
	langid		= "american",
	doi			= "10.1016/0022-0531(90)90023-D",
}

@article{Tian2022,
	author		= "Jianrong Tian",
	year		= "2022",
	title		= "Optimal interval division",
	journaltitle= ej,
	volume		= "132",
	number		= "641",
	pages		= "424--435",
	langid		= "american",
	doi			= "10.1093/ej/ueab055",
}

@article{Toikka2011,
	author		= "Juuso Toikka",
	year		= "2011",
	title		= "Ironing without control",
	journaltitle= jet,
	volume		= "146",
	number		= "6",
	pages		= "2510--2526",
	langid		= "american",
	doi			= "10.1016/j.jet.2011.06.003",
}

@article{Topkis1978,
	author		= "Donald M. Topkis",
	year		= "1978",
	title		= "Minimizing a submodular function on a lattice",
	journaltitle= "Operations Research",
	volume		= "26",
	number		= "2",
	pages		= "305--321",
	langid		= "american",
	doi			= "10.1287/opre.26.2.305",
}

@article{Topkis1979,
	author		= "Donald M. Topkis",
	year		= "1979",
	title		= "Equilibrium points in nonzero-sum $n$-person submodular games",
	journaltitle= "SIAM Journal of Control and Optimization",
	volume		= "17",
	number		= "6",
	pages		= "773--787",
	langid		= "american",
	doi			= "10.1137/0317054",
}

@article{Townsend1982,
	author		= "Robert M. Townsend",
	year		= "1982",
	title		= "Optimal multiperiod contracts and the gain from enduring relationships under private information",
	journaltitle= jpe,
	volume		= "90",
	number		= "6",
	pages		= "1166--1186",
	langid		= "american",
	doi			= "10.1086/261116",
}

@article{Verrecchia1983,
	author		= "Robert E. Verrecchia",
	year		= "1983",
	title		= "Discretionary disclosure",
	journaltitle= "Journal of Accounting and Economics",
	volume		= "5",
	pages		= "179--194",
	langid		= "american",
	doi			= "10.1016/0165-4101(83)90011-3",
}

@article{Vives1990,
	author		= "Xavier Vives",
	year		= "1990",
	title		= "{N}ash equilibrium with strategic complementarities",
	journaltitle= "Journal of Mathematical Economics",
	volume		= "19",
	number		= "3",
	pages		= "305--321",
	langid		= "american",
	doi			= "10.1016/0304-4068(90)90005-T",
}

@article{Wald1939,
	author		= "Abraham Wald",
	year		= "1939",
	title		= "Contributions to the theory of statistical estimation and testing hypotheses",
	journaltitle= "Annals of Mathematical Statistics",
	volume		= "10",
	number		= "4",
	pages		= "299--326",
	langid		= "american",
	doi			= "10.1214/aoms/1177732144",
}

@article{Williams2011,
	author		= "Noah Williams",
	year		= "2011",
	title		= "Persistent private information",
	journaltitle= ecta,
	volume		= "79",
	number		= "4",
	pages		= "1233--1275",
	langid		= "american",
	doi			= "10.3982/ECTA7706",
}

@article{Yaari1969,
	author		= "Menahem E. Yaari",
	year		= "1969",
	title		= "Some remarks on measures of risk aversion and on their uses",
	journaltitle= jet,
	volume		= "1",
	number		= "3",
	pages		= "315--329",
	langid		= "american",
	doi			= "10.1016/0022-0531(69)90036-2",
}

@article{Yang2022,
	author		= "Kai Hao Yang",
	year		= "2022",
	title		= "Selling consumer data for profit",
	subtitle	= "Optimal market-segmentation design and its consequences",
	journaltitle= aer,
	volume		= "112",
	number		= "4",
	pages		= "1364--1393",
	langid		= "american",
	doi			= "10.1257/aer.20210616",
}

@article{Zhou1994,
	author		= "Lin Zhou",
	year		= "1994",
	title		= "The set of {N}ash equilibria of a supermodular game is a complete lattice",
	journaltitle= geb,
	volume		= "7",
	number		= "2",
	pages		= "295--300",
	langid		= "american",
	doi			= "10.1006/game.1994.1051",
}


--------------
working papers

@unpublished{sfb,
	author		= "Gregorio Curello and Ludvig Sinander",
	year		= "2024",
	title		= "Screening for breakthroughs",
	note		= "working paper, 21 Feb 2024",
	langid		= "american",
	doi			= "10.48550/arXiv.2011.10090",
}

@unpublished{csp,
	author		= "Gregorio Curello and Ludvig Sinander",
	year		= "2024",
	title		= "The comparative statics of persuasion",
	note		= "working paper, 21 Oct 2024",
	langid		= "american",
	doi			= "10.48550/arXiv.2204.07474",
}

@unpublished{BallKattwinkel2023,
	author		= "Ian Ball and Deniz Kattwinkel",
	year		= "2024",
	title		= "Linking mechanisms",
	subtitle	= "Limits and robustness",
	note		= "working paper, 23 Apr 2024",
	langid		= "american",
	doi			= "10.48550/arXiv.2309.07363",
}

@unpublished{BenporathDekelLipmanInprogress,
	author		= "Elchanan Ben-Porath and Eddie Dekel and Barton L. Lipman",
	year		= "2023",
	title		= "Sequential mechanisms for evidence acquisition",
	note		= "working paper, Jun 2023",
	langid		= "american",
}

@unpublished{BorgersCheng2023,
	author		= "Xienan Cheng and Tilman Börgers",
	year		= "2024",
	title		= "Dominance and optimality",
	note		= "working paper, 14 Jun 2024",
	langid		= "american",
	doi			= "10.2139/ssrn.4422054",
}

@unpublished{Curello2021,
	author		= "Gregorio Curello",
	year		= "2021",
	title		= "Incentives for collective innovation",
	note		= "working paper, 4 May 2023",
	langid		= "american",
	doi			= "10.48550/arXiv.2109.01885",
}

@unpublished{ErlansonKleiner2022,
	author		= "Albin Erlanson and Andreas Kleiner",
	year		= "2022",
	title		= "Optimal allocations with capacity constrained verification",
	note		= "work in progress",
	langid		= "american",
}

@unpublished{EsoSzentes2003,
	author		= "Péter Es\H{o} and Balázs Szentes",
	year		= "2003",
	title		= "The one who controls the information appropriates its rents",
	note		= "working paper, Apr 2003",
	langid		= "american",
}

@unpublished{FudenbergLevine1989,
	author		= "Drew Fudenberg and David K. Levine",
	year		= "1989",
	title		= "Equilibrium payoffs with long-run and short-run players and imperfect public information",
	note		= "MIT Department of Economics working paper 524, June 1989",
	langid		= "american",
}

@unpublished{Garfagnini2011,
	author		= "Umberto Garfagnini",
	year		= "2011",
	title		= "Delegated experimentation",
	note		= "working paper, 18 Mar 2011",
	langid		= "american",
}

@unpublished{GuoHorner2020,
	author		= "Yingni Guo and Johannes Hörner",
	year		= "2020",
	title		= "Dynamic allocation without money",
	note		= "working paper, 26 Aug 2020",
	langid		= "american",
}

@unpublished{HauserHopenhayn2010,
	author		= "Christine Hauser and Hugo Hopenhayn",
	year		= "2010",
	title		= "Trading favors",
	subtitle	= "Optimal exchange and forgiveness",
	note		= "working paper, Aug 2010",
	langid		= "american",
}

@thesis{Holmstrom1977,
	author		= "Bengt Holmström",
	year		= "1977",
	title		= "On incentives and control in organizations",
	type		= "doctoral thesis",
	institution	= "Stanford University",
	langid		= "american",
}

@thesis{Isbell1954,
	author		= "John R. Isbell",
	year		= "1954",
	title		= "Absolute games",
	type		= "doctoral thesis",
	institution	= "Princeton University",
	langid		= "american",
}

@unpublished{Ishii2016,
	author		= "Yuhta Ishii",
	year		= "2016",
	title		= "Implementation with quota mechanisms",
	note		= "work in progress",
	langid		= "american",
}

@unpublished{JeongPycia2023,
	author		= "Byeong-hyeon Jeong and Marek Pycia",
	year		= "2023",
	title		= "The first-price principle of maximizing economic objectives",
	note		= "working paper, Nov 2023",
	langid		= "american",
}

@unpublished{JewittQuigleyInprogress,
	author		= "Ian Jewitt and Daniel Quigley",
	year		= "2023",
	title		= "Conjugate persuasion",
	note		= "working paper, Aug 2023",
	langid		= "american",
}

@unpublished{Kattwinkel2019,
	author		= "Deniz Kattwinkel",
	year		= "2019",
	title		= "Allocation with correlated information",
	subtitle	= "Too good to be true",
	note		= "working paper, 11 Dec 2019",
	langid		= "american",
	doi			= "10.2139/ssrn.3615398",
}

@unpublished{Laohakunakorn2019,
	author		= "Krittanai Laohakunakorn",
	year		= "2023",
	title		= "Rent extraction with information acquisition",
	note		= "working paper, 7 Sep 2023",
	langid		= "american",
}

@unpublished{LicalziVeinott1992,
	author		= "Marco LiCalzi and Arthur F. Veinott",
	year		= "1992",
	title		= "Subextremal functions and lattice programming",
	note		= "working paper, 7 Jul 1992",
	langid		= "american",
	doi			= "10.2139/ssrn.877266",
}

@unpublished{LomysYamashita2022,
	author		= "Niccolò Lomys and Takuro Yamashita",
	year		= "2022",
	title		= "A mediator approach to mechanism design with limited commitment",
	note		= "working paper, 15 Aug 2022",
	langid		= "american",
	doi			= "10.2139/ssrn.4116543",
}

@unpublished{Liu2015,
	author		= "Qingmin Liu",
	year		= "2015",
	title		= "A simple proof for the {C}oase conjecture",
	note		= "working paper, 17 Sep 2015",
	langid		= "american",
}

@unpublished{Lyons2003,
	author		= "Bruce R. Lyons",
	year		= "2003",
	title		= "Could politicians be more right than economists? A theory of merger standards",
	note		= "working paper, Nov 2003",
	langid		= "american",
}

@unpublished{Malueg2006,
	author		= "David A. Malueg",
	year		= "2006",
	title		= "Cooperation in an infinite-horizon centipede game",
	note		= "working paper, 23 Oct 2006",
	langid		= "american",
	doi         = "10.2139/ssrn.939596",
}

@unpublished{Sobel1988,
	author		= "Matthew Sobel",
	year		= "1988",
	title		= "Isotone comparative statics in supermodular games",
	note		= "working paper",
	langid		= "american",
}

@unpublished{Stahl1972,
	author		= "Ingolf Ståhl",
	year		= "1972",
	title		= "Bargaining theory",
	note		= "working paper, Nov 1972",
	langid		= "american",
}

@unpublished{Valenzuelastookey2022,
	author		= "Quitzé Valenzuela-Stookey",
	year		= "2022",
	title		= "Monotone portfolio problems",
	note		= "working paper, 3 Nov 2022",
	langid		= "american",
}

@unpublished{Watson2025,
	author		= "Joel Watson",
	year		= "2025",
	title		= "Perfect {B}ayesian equilibrium",
	subtitle	= "Consistency conditions for practical definitions",
	note		= "working paper, 31 Mar 2025",
	langid		= "american",
}


--------
chapters

@incollection{ArmbrusterBoge1979,
	author			= "W. Armbruster and W. Böge",
	year			= "1979",
	title			= "{B}ayesian game theory",
	editor			= "Otto Moeschlin and Diethard Pallaschke",
	booktitle		= "Game theory and related topics",
	booksubtitle	= "{P}roceedings of the seminar on game theory and related topics, {B}onn/{H}agen, 26--29 {S}eptember, 1978",
	pages			= "17--28",
	publisher		= "North-Holland",
	address			= "Amsterdam",
	langid			= "american",
}

@inbook{Arrow1965,
	author			= "Kenneth J. Arrow",
	year			= "1965",
	title			= "The theory of risk aversion",
	bookauthor		= "Kenneth J. Arrow",
	booktitle		= "Aspects of the theory of risk-bearing",
	publisher		= "Yrjö Jahnsson Foundation",
	address			= "Helsinki",
	langid			= "american",
}

@incollection{AusubelCramtonDeneckere2002,
	author			= "Lawrence M. Ausubel and Peter Cramton and Raymond J. Deneckere",
	year			= "2002",
	title			= "Bargaining with incomplete information",
	booktitle		= "Handbook of Game Theory with Economic Applications",
	volume			= "3",
	editor			= "Robert Aumann and Sergiu Hart",
	pages			= "1897--1945",
	publisher		= "North-Holland",
	address			= "Amsterdam",
	langid			= "american",
}

@incollection{Fridolfsson2007,
	author			= "Sven-Olof Fridolfsson",
	year			= "2007",
	title			= "A consumer surplus defense in merger control",
	editor			= "Vivek Ghosal and Johan Stennek",
	booktitle		= "The Political Economy of Antitrust",
	series			= "Contributions to Economic Analysis",
	pages			= "287--302",
	publisher		= "Emerald",
	address			= "Bingley",
	langid			= "american",
}

@incollection{FudenbergLevineTirole1985,
	author			= "Drew Fudenberg and David K. Levine and Jean Tirole",
	year			= "1985",
	title			= "Infinite-horizon models of bargaining with one-sided incomplete information",
	booktitle		= "Game-Theoretic Models of Bargaining",
	editor			= "Alvin E. Roth",
	pages			= "73--98",
	publisher		= cup,
	address			= "Cambridge",
	langid			= "american",
}

@incollection{Green1987,
	author			= "Edward J. Green",
	year			= "1987",
	title			= "Lending and the smoothing of uninsurable income",
	booktitle		= "Contractual Arrangements for Intertemporal Trade",
	editor			= "E. C. Prescott and N. Wallace",
	series			= "Minnesota Studies in Macroeconomics",
	pages			= "3--25",
	publisher		= "University of Minnesota Press",
	address			= "Minneapolis, MN",
	langid			= "american",
}

@incollection{Holmstrom1984,
	author			= "Bengt Holmström",
	year			= "1984",
	title			= "On the theory of delegation",
	editor			= "Marcel Boyer and Richard E. Kihlstrom",
	booktitle		= "Bayesian Models in Economic Theory",
	pages			= "115--141",
	publisher		= "North-Holland",
	address			= "New York, NY",
	langid			= "american",
}

@incollection{Isbell1957,
	author			= "John R. Isbell",
	year			= "1957",
	title			= "Finitary games",
	editor			= "Marvin Dresher and Albert William Tucker and Philip Wolfe",
	booktitle		= "Contributions to the Theory of Games, Volume {III}",
	series			= "Annals of Mathematics Studies",
	pages			= "79--96",
	publisher		= pup,
	address			= "Princeton, NJ",
	langid			= "american",
}

@incollection{Kuhn1953,
	author			= "Harold W. Kuhn",
	year			= "1953",
	title			= "Extensive games and the problem of
information",
	editor			= "Harold W. Kuhn and Albert William Tucker",
	booktitle		= "Contributions to the Theory of Games, Volume {II}",
	series			= "Annals of Mathematics Studies",
	pages			= "193--216",
	publisher		= pup,
	address			= "Princeton, NJ",
	langid			= "american",
}

@incollection{Stahl1977,
	author			= "Ingolf Ståhl",
	year			= "1977",
	title			= "An $n$-person bargaining game in the extensive form",
	booktitle		= "Mathematical Economics and Game Theory",
	booksubtitle	= "{E}ssays in honor of {O}skar {M}orgenstern",
	editor			= "Rudolf Henn and Otto Moeschlin",
	series			= "Lecture Notes in Economics and Mathematical Systems",
	pages			= "156--172",
	publisher		= "Springer",
	address			= "Berlin",
	langid			= "american",
}


-----
books

@book{AguiarAmador2021,
	author		= "Mark Aguiar and Manuel Amador",
	year		= "2021",
	title		= "The economics of sovereign debt and default",
	edition		= "",
	publisher	= pup,
	address		= "Princeton, NJ",
	langid		= "american",
}

@book{AliprantisBorder2006,
	author		= "Charalambos D. Aliprantis and Kim C. Border",
	year		= "2006",
	title		= "Infinite dimensional analysis",
	subtitle	= "A hitchhiker's guide",
	edition		= "3rd",
	publisher	= "Springer",
	address		= "Berlin",
	langid		= "american",
}

@book{Bellman1957,
	author		= "Richard Bellman",
	year		= "1957",
	title		= "Dynamic programming",
	edition		= "",
	publisher	= "Princeton University Press",
	address		= "Princeton, NJ",
	langid		= "american",
}

@book{Billingsley1995,
	author		= "Patrick Billingsley",
	year		= "1995",
	title		= "Probability and measure",
	edition		= "3rd",
	publisher	= "Wiley",
	address		= "New York, NY",
	langid		= "american",
}

@book{Birkhoff1940,
	author		= "Garrett Birkhoff",
	year		= "1940",
	title		= "Lattice theory",
	publisher	= "American Mathematical Society",
	address		= "Providence, RI",
	langid		= "american",
}

@book{Birkhoff1948,
	author		= "Garrett Birkhoff",
	year		= "1948",
	title		= "Lattice theory",
	edition		= "2nd",
	publisher	= "American Mathematical Society",
	address		= "Providence, RI",
	langid		= "american",
}

@book{Birkhoff1967,
	author		= "Garrett Birkhoff",
	year		= "1967",
	title		= "Lattice theory",
	edition		= "3rd",
	publisher	= "American Mathematical Society",
	address		= "Providence, RI",
	langid		= "american",
}

@book{Brezis2011,
	author		= "Haïm Brezis",
	year		= "2011",
	title		= "Functional analysis, {S}obolev spaces and partial differential equations",
	publisher	= "Springer",
	series		= "Universitext",
	address		= "New York, NY",
	langid		= "american",
}

@book{Cournot1838,
	author		= "Augustin Cournot",
	year		= "1838",
	title		= "Recherches sur les principes mathématiques de la théorie des richesses",
	publisher	= "Hachette",
	address		= "Paris",
	langid		= "american",
}

@book{Dedekind1897,
	author		= "Richard Dedekind",
	year		= "1897",
	title		= "Über {Z}erlegung von {Z}ahlen durch ihre grössten gemeinsamen {T}heiler",
	publisher	= "Vieweg",
	address		= "Braunschweig",
	langid		= "american",
	doi			= "10.24355%2Fdbbs.084-200908140200-2",
}

@book{Folland1999,
	author		= "Gerald B. Folland",
	year		= "1999",
	title		= "Real analysis",
	subtitle	= "Modern techniques and their applications",
	edition		= "2nd",
	publisher	= "Wiley",
	series		= "Pure and Applied Mathematics",
	address		= "New York, NY",
	langid		= "american",
}

@book{FudenbergTirole1991book,
	author		= "Drew Fudenberg and Jean Tirole",
	year		= "1991",
	title		= "Game theory",
	edition		= "",
	publisher	= "{MIT} Press",
	address		= "Cambridge, MA",
	langid		= "american",
}

@book{Galichon2016,
	author		= "Alfred Galichon",
	year		= "2016",
	title		= "Optimal transport methods in economics",
	publisher	= pup,
	address		= "Princeton, NJ",
	langid		= "american",
}

@book{Guesnerie1995,
	author		= "Roger Guesnerie",
	year		= "1995",
	title		= "A contribution to the pure theory of taxation",
	series		= "Econometric Society Monographs",
	publisher	= cup,
	address		= "Cambridge",
	langid		= "american",
}

@book{Halmos1974,
	author		= "Paul R. Halmos",
	year		= "1974",
	title		= "Measure theory",
	publisher	= "Springer",
	address		= "New York, NY",
	langid		= "american",
}

@book{Hartline2016,
	author		= "Jason D. Hartline",
	year		= "2016",
	title		= "Mechanism design and approximation",
	langid		= "american",
	url			= "http://jasonhartline.com/MDnA",
}

@book{Hicks1939,
	author		= "John R. Hicks",
	year		= "1939",
	title		= "Value and capital",
	edition		= "",
	publisher	= "Clarendon Press",
	address		= "Oxford",
	langid		= "british",
}

@book{Howard1960,
	author		= "Ronald A. Howard",
	year		= "1960",
	title		= "Dynamic programming and {M}arkov processes",
	edition		= "",
	publisher	= "MIT Press and Wiley",
	address		= "Cambridge, MA and New York, NY",
	langid		= "american",
}

@book{Keynes1936,
	author		= "John Maynard Keynes",
	year		= "1936",
	title		= "The general theory of employment, interest and money",
	publisher	= "Macmillan",
	address		= "London",
	langid		= "american",
}

@book{Knuth1976,
	author		= "Donald E. Knuth",
	year		= "1976",
	title		= "Mariages stables et leurs relations avec d'autres problèmes combinatoires",
	subtitle	= "Introduction à l'analyse mathématique des algorithmes",
	edition		= "",
	publisher	= "Les Presses de l'Université de Montréal",
	address		= "Montréal",
	langid		= "american",
}

@book{Kreps2023,
	author		= "David M. Kreps",
	year		= "2023",
	title		= "Microeconomic foundations {II}",
	subtitle	= "Imperfect competition, information, and strategic interaction",
	edition		= "",
	publisher	= pup,
	address		= "Princeton, NJ",
	langid		= "american",
}

@book{LaffontMartimort2002,
	author		= "Jean-Jacques Laffont and David Martimort",
	year		= "2002",
	title		= "The theory of incentives",
	subtitle	= "The principal--agent model",
	publisher	= pup,
	address		= "Princeton, NJ",
	langid		= "american",
}

@book{Luenberger1969,
	author		= "David G. Luenberger",
	year		= "1969",
	title		= "Optimization by vector space methods",
	edition		= "",
	publisher	= "Wiley",
	address		= "New York, NY",
	langid		= "american",
}

@book{MailathSamuelson2006,
	author		= "George J. Mailath and Larry Samuelson",
	year		= "2006",
	title		= "Repeated games and reputations",
	subtitle	= "Long-run relationships",
	edition		= "",
	publisher	= oup,
	address		= "Oxford",
	langid		= "american",
}

@book{MaschlerSolanZamir2020,
	author		= "Michael Maschler and Eilon Solan and Shmuel Zamir",
	year		= "2020",
	title		= "Game theory",
	edition		= "2nd",
	publisher	= cup,
	address		= "Cambridge",
	langid		= "american",
}


@book{MascolellWhinstonGreen1995,
	author		= "Andreu Mas-Colell and Michael Whinston and Jerry R. Green",
	year		= "1995",
	title		= "Microeconomic theory",
	edition		= "",
	publisher	= oup,
	address		= "Oxford",
	langid		= "american",
}

@book{Myerson1991,
	author		= "Roger B. Myerson",
	year		= "1991",
	title		= "Game theory",
	subtitle	= "Analysis of conflict",
	edition		= "",
	publisher	= hup,
	address		= "Cambridge, MA",
	langid		= "american",
}

@book{NariciBeckenstein2011,
	author		= "Lawrence Narici and Edward Beckenstein",
	year		= "2011",
	title		= "Topological vector spaces",
	edition		= "2nd",
	series		= "Pure and applied mathematics",
	publisher	= "CRC Press",
	address		= "Boca Raton, FL",
	langid		= "american",
}

@book{OsborneRubinstein1994,
	author		= "Martin J. Osborne and Ariel Rubinstein",
	year		= "1994",
	title		= "A Course in Game Theory",
	publisher	= "MIT Press",
	address		= "Cambridge, MA",
	langid		= "american",
}

@book{Pareto1906,
	author		= "Vilfredo Pareto",
	year		= "1906",
	title		= "Manuale di economia politica con una introduzione alla scienza sociale",
	publisher	= "Società editrice libraria",
	address		= "Milan",
	langid		= "american",
}

@book{Phelps2001,
	author		= "Robert R. Phelps",
	year		= "2001",
	title		= "Lectures on {C}hoquet's theorem",
	edition		= "2nd",
	publisher	= "Springer",
	series		= "Lecture Notes in Mathematics",
	address		= "Berlin",
	langid		= "american",
}

@book{Rockafellar1970,
	author		= "R. Tyrell Rockafellar",
	year		= "1970",
	title		= "Convex analysis",
	edition		= "",
	publisher	= pup,
	address		= "Princeton, NJ",
	langid		= "american",
}

@book{Rosenthal2006,
	author		= "Jeffrey S. Rosenthal",
	year		= "2006",
	title		= "A first look at rigorous probability theory",
	edition		= "2nd",
	publisher	= "World Scientific",
	langid		= "american",
}

@book{RoydenFitzpatrick2010,
	author		= "Halsey Lawrence Royden and Patrick M. Fitzpatrick",
	year		= "2010",
	title		= "Real analysis",
	edition		= "4th",
	publisher	= "Prentice Hall",
	address		= "Upper Saddle River, NJ",
	langid		= "american",
}

@book{Rudin1976,
	author		= "Walter Rudin",
	year		= "1976",
	title		= "Principles of mathematical analysis",
	edition		= "3rd",
	publisher	= "McGraw-Hill",
	address		= "New York, NY",
	langid		= "american",
}

@book{Samuelson1947,
	author		= "Paul A. Samuelson",
	year		= "1947",
	title		= "Foundations of economic analysis",
	edition		= "",
	publisher	= hup,
	address		= "Cambridge, MA",
	langid		= "american",
}

@book{SeierstadSydsaeter1987,
	author		= "Atle Seierstad and Knut Sydsæter",
	year		= "1987",
	title		= "Optimal control theory with economic applications",
	edition		= "",
	publisher	= "North-Holland",
	address		= "Amsterdam",
	langid		= "american",
}

@book{Shephard1953,
	author		= "Ronald William Shephard",
	year		= "1953",
	title		= "Cost and production functions",
	edition		= "",
	publisher	= pup,
	address		= "Princeton, NJ",
	langid		= "american",
}

@book{Stackelberg1934,
	author		= "Heinrich {von Stackelberg}",
	sortauthor	= "Stackelberg",
	year		= "1934",
	title		= "Marktform und {G}leichgewicht",
	edition		= "",
	publisher	= "Springer",
	address		= "Vienna",
	langid		= "american",
}

@book{SteinShakarchi2005,
	author		= "Elias M. Stein and Rami Shakarchi",
	year		= "2005",
	title		= "Real analysis",
	subtitle	= "Measure theory, integration, and {H}ilbert spaces",
	edition		= "",
	publisher	= pup,
	address		= "Princeton, NJ",
	langid		= "american",
}

@book{StokeyLucasPrescott1989,
	author		= "Nancy L. Stokey and Robert E. Lucas and Edward C. Prescott",
	year		= "1989",
	title		= "Recursive methods in economic dynamics",
	edition		= "",
	publisher	= hup,
	address		= "Cambridge, MA",
	langid		= "american",
}

@book{Topkis1998,
	author		= "Donald M. Topkis",
	year		= "1998",
	title		= "Supermodularity and complementarity",
	edition		= "",
	publisher	= pup,
	address		= "Princeton, NJ",
	langid		= "american",
}

@book{Vohra2011,
	author		= "Rakesh V. Vohra",
	year		= "2011",
	title		= "Mechanism design",
	subtitle	= "A linear programming approach",
	edition		= "",
	series		= "Econometric Society Monographs",
	publisher	= cup,
	address		= "Cambridge",
	langid		= "american",
}

@book{VonneumannMorgenstern1947,
	author		= "John {von Neumann} and Oskar Morgenstern",
	year		= "1947",
	title		= "Theory of games and economic behavior",
	edition		= "2nd",
	publisher	= pup,
	address		= "Princeton, NJ",
	langid		= "american",
}


-------------------
lecture notes, etc.

@unpublished{BattigalliCatoniniDevito2024,
	author		= "Pierpaolo Battigalli and Emiliano Catonini and Nicodemo {De Vito}",
	year		= "2024",
	title		= "Game theory",
	subtitle	= "Analysis of strategic thinking",
	note		= "textbook manuscript",
	url			= "https://didattica.unibocconi.it/mypage/upload/48808_20241201_042358_30.11.2024TEXTBOOOKGT-AST_PRINT_COMPRESSED.PDF",
	langid		= "american",
}

@unpublished{Border2016,
	author		= "Kim C. Border",
	year		= "2016",
	title		= "Separating hyperplane theorems",
	note		= "lecture notes",
	url			= "https://healy.econ.ohio-state.edu/kcb/Notes/SeparatingHyperplane.pdf",
	langid		= "american",
}

@unpublished{Levin2006aps,
	author		= "Jonathan Levin",
	year		= "2006",
	title		= "Repeated games {II}",
	subtitle	= "Imperfect public monitoring",
	note		= "lecture notes",
	url			= "http://www.stanford.edu/~jdlevin/Econ%20286/Repeated%20Games%20II.pdf",
	langid		= "american",
}

@unpublished{Levin2006spm,
	author		= "Jonathan Levin",
	year		= "2006",
	title		= "Supermodular games",
	note		= "lecture notes",
	url			= "https://web.stanford.edu/~jdlevin/Econ%20286/Supermodular%20Games.pdf",
	langid		= "american",
}

@unpublished{Manea2016,
	author		= "Mihai Manea",
	year		= "2016",
	title		= "Single-deviation principle and bargaining",
	note		= "lecture slides",
	url			= "https://ocw.mit.edu/courses/14-126-game-theory-spring-2016/0c31bb15a0fb73c568f12d3d855b6c22_MIT14_126S16_bargaining.pdf",
	langid		= "american",
}

@unpublished{Ray2005,
	author		= "Debraj Ray",
	year		= "2005",
	title		= "More on the one-shot deviation principle",
	note		= "lecture notes",
	url			= "https://pages.nyu.edu/debraj/Courses/05UGGameLSE/Handouts/osdp.pdf",
	langid		= "american",
}

@unpublished{Salcedo2020,
	author		= "Bruno Salcedo",
	year		= "2020",
	title		= "Rationality and dominance",
	note		= "lecture notes",
	url			= "https://brunosalcedo.com/class/9602/dominance.pdf",
	langid		= "american",
}

@unpublished{Sarver2023,
	author		= "Todd Sarver",
	year		= "2023",
	title		= "Microeconomic theory lecture notes",
	note		= "lecture notes",
	url			= "https://sites.duke.edu/toddsarver/files/2021/07/Micro-Lecture-Notes.pdf",
	langid		= "american",
}

@unpublished{Tian2024,
	author		= "Jianrong Tian",
	year		= "2024",
	title		= "Tools for microeconomic analysis",
	subtitle	= "A note",
	note		= "lecture notes",
	url			= "https://drive.google.com/file/d/1PNN1F3xb_-Ng-AYS31I9FHJMIlEEOcQM",
	langid		= "american",
}

@unpublished{Yildiz2016,
	author		= "Muhamet Y{\i}ld{\i}z",
	year		= "2016",
	title		= "Supermodularity",
	note		= "lecture slides",
	url			= "https://ocw.mit.edu/courses/14-126-game-theory-spring-2016/1021599dba3552e2eb3bbf9deebf57a7_MIT14_126S16_supermodular.pdf",
	langid		= "american",
}


----------------
newspapers etc.
